1079 1569
20 274 46 285 ιιι·
46 278 96 287 ......

19 645 50 656 Luc.
58 649 76 658 ιτ,
83 646 96 656 5.

252 130 327 142 mmmm
338 130 342 141 1
353 130 481 144 Quanam-,mlum
490 134 511 137 —
521 129 609 141 numano
619 130 635 141 m
645 130 743 142 sunctum!

855 125 884 142 38¹

106 172 152 193 quod
160 172 213 191 iaciat,
221 175 237 189 et
247 177 279 194 quo
288 172 319 188 sibi
330 172 413 193 provideat
423 177 451 188 seu
459 177 485 188 ve·
492 172 505 188 Α
533 173 579 187 Tunc
589 172 634 187 dizit
645 172 661 187 ei
670 173 717 187 les-us
724 177 730 187 :
737 172 785 190 Vade,
795 172 812 187 id
822 174 851 190 est,
862 176 886 187 re-

106 196 173 212 ritatem
184 199 273 218 eognoscat.
282 197 325 216 Quod
337 197 350 212 si
361 201 393 213 non
405 196 484 215 habuerit,

107 226 140 237 nec
151 221 216 238 aliunde
229 222 299 243 quiverit
311 221 384 242 adipisci,
397 224 436 237 tune
448 226 485 237 eum

107 246 171 267 ingenti
179 246 239 263 fiducia
246 247 310 263 invocet
317 247 368 262 Deum
376 251 405 267 pro
412 246 486 267 ope.iux-

107 273 125 286 ta
137 271 177 287 illud
189 272 261 287 secundo
272 271 403 292 Paralipomenon
416 275 420 286 :
433 271 485 289 Ouum

107 295 202 316 ignoremus
212 296 251 317 quid
262 300 308 317 agere
318 296 411 314 debeamus,
421 295 451 311 hoc
462 300 485 311 so-

107 320 144 336 lum
157 320 235 336 habemus
247 320 313 339 residui,
327 322 344 336 ut
355 320 410 336 oculos
423 322 485 336 nostros

106 345 128 360 ad
137 347 157 363 te,
166 345 238 364 Domine,
247 345 339 366 dirigamus.
345 344 422 363 Quoniam
431 344 485 365 itaque

106 374 117 385 a
126 370 212 390 pinnaculo
220 370 277 390 templi
286 370 317 385 tuit
324 369 350 385 via
359 370 379 386 ad
388 371 446 385 terram
457 374 485 390 per

105 394 172 414 gradus,
181 394 281 415 precipitare
291 399 307 410 se
318 394 354 410 inde
367 394 424 410 fuisset
434 394 485 409 Deum

106 420 175 434 tentare.
183 419 200 435 Si
210 421 263 435 autern
272 419 325 435 Sancti
333 418 404 434 vicissim
413 419 485 438 legantur

106 443 125 459 in
134 443 192 459 talibus
202 443 272 459 humana
282 443 398 464 contempsisse
407 443 484 461 subsidia,

512 197 551 212 cede
561 201 570 212 a
580 201 611 215 me,
618 197 688 214 Sanam,
696 196 712 212 id
723 198 753 215 est,
761 196 850 212 adversarie
861 200 887 212 ve-

513 221 568 237 ritatis.
577 221 625 239 Vade,
634 221 706 242 inquam,
715 221 730 237 in
741 221 794 242 ignem
803 223 886 240 eternum,

512 246 599 261 secundum
606 246 809 267 Hieronymumsscriptum
815 248 838 261 est
843 246 886 261 enim

512 271 529 286 in
539 271 662 287 Deuteronomio
670 276 674 287 z
682 272 771 286 Dominum
779 272 830 286 Deum
840 273 886 286 tuum
895 277 960 290 mum-,m

512 296 589 311 adorabis
596 295 687 311 adoratione
697 295 769 311 interiori
779 300 797 311 ac
805 295 886 311 exteriori.

512 320 545 336 Deo
555 325 624 341 namque
635 322 711 341 tanquam
722 320 801 336 altissimo
811 320 886 341 principi.

512 349 530 360 ac
543 345 613 360 maximo
627 345 731 364 benefactori,
745 345 809 366 propria
824 349 887 365 quoque

512 369 571 384 virtute
585 369 646 385 salvare
658 369 725 390 potenti,
738 374 767 385 nec
781 369 836 390 aliquo
848 369 888 385 indi-

511 394 561 414 genti,
572 394 639 410 debetur
649 399 722 410 summus
732 394 850 414 singulsrisque
860 394 887 410 ho-

512 423 547 437 nor,
558 419 633 434 videlicet
642 419 692 434 latrias
701 419 754 434 cultus
764 419 830 434 interior
839 421 888 439 atque

512 443 586 459 exterior,
595 443 676 459 Interdum
687 445 741 459 tamen
751 443 822 459 adoratio
834 445 888 459 exten-

105 469 156 488 atque
166 467 225 484 divinae
236 473 253 484 se
263 468 367 489 providentim
378 467 484 486 commisisse,
494 468 505 484 B
512 472 529 483 se
540 468 619 489 accipitur
630 473 659 489 pro
669 468 773 484 honoratione
785 468 833 484 dulioe
844 473 847 484 :
859 473 888 489 per

106 497 128 507 ex
143 492 206 508 occulto
220 492 289 513 Spiritus
304 492 356 508 Sancti
372 492 435 508 videtur
449 496 484 513 pro-

107 517 176 532 cessisse
184 517 267 536 instinctu,
276 521 305 533 nee
313 517 333 533 ad
341 517 446 533 imitationem
454 518 485 532 tra-

107 541 186 557 hendum.

129 566 208 586 Deinceps
215 566 312 582 describitur
319 566 386 582 tentatio
393 566 443 584 tertia,
450 571 485 586 quse

107 590 141 606 fuit
151 590 171 606 de
182 591 248 606 avaritia
259 593 274 606 et
284 590 377 607 ambitione.
386 591 450 606 Iterum
460 596 486 606 ιιε·

106 616 178 634 sumpsit
185 620 222 630 eum
229 616 310 633 diabolus,
317 615 358 631 torte
367 620 386 631 eo
397 615 444 631 modo
453 620 485 636 quo

106 641 147 655 ante
153 639 198 660 (nam
209 640 259 655 Lucas
270 640 293 655 ait
301 645 304 656 :
313 640 332 655 Et
343 640 389 656 duxit
399 640 458 660 illum),
467 640 485 655 in

107 666 180 679 montem
194 665 274 679 excelsum
289 665 342 682 valde,
355 666 373 680 ut
385 664 429 680 locus
443 666 486 680 esset

106 688 172 704 occasio
184 689 294 704 consentiendi
306 689 396 707 tentationi,
409 689 485 709 quoniam

106 718 128 729 ex
140 713 227 729 mutatione
239 713 310 729 locorum
321 713 413 734 frequenter
424 716 486 729 mutan-

106 740 135 753 tur
147 738 225 758 aisectus3
235 740 250 753 et
260 739 330 753 ostendit
340 739 356 753 εί
366 739 421 753 omnia
434 743 485 757 reyna

512 497 561 513 quam
573 493 669 509 excellentes
684 495 760 509 creaturae
773 493 826 509 debite
838 493 887 509 hono-

511 519 571 533 rantur⁴
581 518 639 538 Sicque
649 517 731 534 multoties
741 518 759 533 in
768 517 855 539 Scripturis
866 518 887 534 le-

511 544 571 562 guntur
582 542 647 563 quidam
659 542 733 558 adorasse
747 542 811 563 angelos
822 542 847 558 vel
861 543 888 558 ho-

511 567 562 582 mines
570 571 639 587 magnos,
644 569 661 582 ut
667 567 712 583 Josue
720 567 819 587 angelum,et
825 567 887 583 Nathan
894 573 927 584 :m
931 573 960 585 ιιι.

512 591 589 612 propheta
599 591 647 607 David
658 596 717 612 regem.
725 592 747 607 Ee
755 592 782 607 illi
789 593 820 607 soli
827 593 887 607 servies
901 598 914 609 ιιι
918 598 947 612 κη.
953 602 961 611 ι.

511 616 588 632 servitute
598 616 652 632 latria.
661 616 714 632 Latris
723 621 792 637 namque
802 618 826 632 est
836 617 887 632 virtus
894 614 911 625 ³³⁴

511 645 547 661 qum
558 641 590 656 Deo
601 641 663 657 cultum
675 641 815 662 caerimoniamque
826 641 888 662 impen-

512 665 540 681 dit.
552 665 568 681 Si
580 670 618 681 vero
633 666 663 681 hoc
675 665 743 681 verbum
755 666 775 682 de
786 671 888 687 quacumque

511 690 588 706 servitute
598 692 692 711 exponatur,
701 695 757 706 sensus
767 692 796 710 est,
805 691 847 712 quod
858 691 888 707 soli

512 715 545 730 Deo
552 715 654 731 serviendum
664 715 685 731 sit
694 717 760 736 propter
768 720 785 731 se
793 717 840 736 atque
848 715 889 731 fina—

513 739 549 755 liter
557 744 561 755 z
570 740 591 755 ite
599 742 617 755 ιιι
624 740 701 761 quidquid
710 740 792 756 servitutis
799 740 889 756 exhibitum

105 763 174 780 mundi,
182 763 198 778 id
209 765 233 778 est
242 763 338 783 principalia
347 763 372 778 vel
382 763 455 783 quaedam
465 763 485 778 de
494 764 504 780 C
512 764 562 780 fuerit
573 764 656 783 creaturis,
669 766 720 780 totum
735 765 754 780 ad
767 765 795 781 Dei
810 765 888 781 reseratur

105 787 194 807 omnibus;
206 788 238 806 vel,
251 788 305 803 omnia
319 792 367 808 regna
381 787 451 803 ostendit
463 788 484 807 ei,

105 816 141 827 uon
153 812 172 827 ad
185 812 250 828 oculum
263 812 368 833 corporalem,
381 812 409 828 scd
423 812 485 828 imene-

105 836 250 857 ctualern,species
257 839 273 852 et
280 837 393 857 dispositiones
401 841 485 857 regnorum

105 861 122 877 ei
131 861 240 882 proponendo,
245 866 273 877 seu
280 861 413 882 concupiscibilia
421 861 484 877 illorum

105 886 252 902 commemorandu-
257 886 305 902 Porro
312 886 401 902 seeundum
408 886 485 907 Theophi-

106 911 148 929 lum,
159 911 229 927 ostendit
239 911 254 926 ei
265 911 319 926 omnia
331 915 380 931 regna
391 911 407 926 in
419 911 485 931 phanta-

105 937 159 951 smate
170 940 173 951 ι
184 937 201 951 ει
211 935 252 951 sorte
263 940 292 956 per
304 936 398 956 phantasma
410 935 485 956 intelligit

105 960 206 981 Theophilus
218 960 329 981 imaginariam
341 960 424 976 visionem.
436 960 484 981 Chry-

106 986 188 1000 sostornus
196 989 234 1000 vero
244 985 345 1005 imaginatur,
354 985 396 1005 quod
407 989 455 1005 regna
462 985 484 1000 vi-

106 1009 170 1025 ciniora
181 1009 251 1025 ostendit
263 1009 278 1025 ei
288 1009 307 1025 ad
317 1009 370 1025 visum
383 1009 483 1028 exteriorem,

106 1036 187 1055 quantum
197 1034 233 1050 fieri
244 1034 305 1055 potuit;
316 1036 369 1050 cetera
380 1034 448 1055 quodam
461 1034 484 1050 in-

512 789 595 807 honorem,
603 791 619 805 et
628 791 693 810 propter
702 789 737 810 ejus
747 790 863 806 ordinationem
872 792 889 806 et

512 814 611 829 voluntatem
622 816 683 834 agatur,
692 816 709 829 ut
720 814 758 830 dum
770 814 831 830 homini
842 815 889 831 mini-

512 840 587 857 stramus,
598 843 630 854 non
643 840 675 854 tam
689 839 750 855 homini
765 844 813 860 quam
826 840 859 855 Deo
871 840 888 855 in

512 863 578 879 homine
588 863 700 884 obsequamur.

532 887 608 904 Praeterea
619 888 757 908 perpendendum,
765 888 834 909 qualiter
844 889 888 905 Chri«

512 914 546 928 stus
554 912 601 928 falsas
608 917 618 928 a
625 912 689 928 diaholo
696 915 768 933 sumptus
775 918 795 928 ex
802 913 888 934 Scripturis

512 937 582 957 sagitt-s,
593 937 635 953 veris
648 937 766 958 Scripturarum
778 937 839 958 clypeis
852 938 888 958 reji-

512 961 544 977 ciat
554 963 570 977 ει
580 961 675 982 confringat.

533 987 579 1002 Tunc
586 987 655 1006 reliquit
663 992 700 1002 eum
708 986 725 1002 in
735 989 789 1003 monte
798 987 829 1003 isto
838 987 888 1003 subii<

512 1011 541 1030 miy
549 1011 630 1029 diabolus,
638 1011 715 1027 confusus
723 1013 739 1027 et
746 1011 803 1030 victus,
811 1014 859 1033 atque
867 1012 887 1028 de

512 1035 570 1051 Christi
581 1035 665 1051 divinitate
676 1035 751 1055 incertus,
762 1040 792 1052 nec
802 1036 855 1052 sciens
866 1042 888 1052 an

106 1059 156 1077 dicio,
161 1059 204 1075 velut
211 1059 225 1074 si
233 1059 269 1079 quis
277 1063 313 1074 cum
322 1059 354 1075 alio
362 1061 410 1077 stans.
416 1059 484 1079 digitum
492 1061 504 1076 D
511 1062 554 1076 esset
563 1060 639 1076 Christus.
648 1061 670 1076 Ει
679 1065 712 1076 cccc
722 1061 777 1080 anqeli
786 1064 887 1077 accesserunt

106 1088 165 1099 versus
174 1084 245 1099 diversas
255 1084 311 1099 mundi
322 1084 394 1104 regiones
403 1084 483 1103 extendat,

107 1108 189 1124 dicendo:
198 1108 239 1124 Ecce
250 1108 272 1124 ihi
284 1110 308 1124 cst
319 1108 373 1127 Roma,
385 1108 407 1124 ibi
418 1109 484 1124 Alexan-

106 1133 148 1149 dria.
158 1134 180 1148 Bc
191 1134 262 1152 pluriam
274 1138 336 1151 eorum,
347 1133 362 1149 id
374 1135 403 1152 est,
414 1133 483 1152 divitias,

107 1158 251 1178 delicias,pompas
258 1160 358 1174 terrenorum
366 1162 451 1178 regnorum
459 1163 485 1174 ex-

107 1182 163 1203 posuit
174 1182 241 1198 Christo.
252 1183 274 1198 Ει
285 1183 330 1197 dixit
341 1183 357 1197 ci
364 1187 370 1197 :
378 1183 417 1198 Hoec
429 1183 484 1198 omnia

107 1207 140 1222 tibi
150 1207 198 1224 dabo>
205 1208 220 1222 si
230 1207 295 1224 eadem,
305 1207 321 1222 id
332 1209 362 1225 est,
372 1207 388 1223 iu
399 1209 457 1223 terram
468 1209 484 1223 te

106 1233 217 1253 prosternens,
225 1231 250 1247 vel
261 1236 310 1252 super
320 1236 372 1252 genua
382 1236 436 1251 ruens,
446 1233 484 1248 ado-

107 1257 173 1272 raveris
181 1261 206 1271 me
214 1256 305 1272 adoratione
316 1256 369 1272 latrias.
378 1256 414 1272 Hinc
424 1259 448 1272 est
457 1262 484 1273 an-

107 1281 153 1302 tiqua
165 1283 181 1296 et
193 1281 239 1296 solita
253 1281 330 1297 daemonis
345 1286 409 1302 pompa,
422 1284 440 1297 ut
452 1282 484 1298 Deo

106 1305 194 1322 assimilari
202 1308 218 1321 ει
225 1310 234 1321 a
242 1306 318 1322 creaturis
328 1306 390 1322 adorari
399 1311 417 1322 ac
424 1307 484 1323 divinis

108 1330 197 1347 honoribus
208 1330 238 1346 coli
249 1330 332 1347 desideret.

512 1087 578 1106 repente
584 1085 604 1100 ad
611 1085 671 1104 lesum,
677 1087 692 1100 et
699 1086 817 1101 ministrabant
825 1086 846 1104 ei,
855 1090 887 1102 non

511 1110 557 1130 quasi
569 1110 652 1130 indigenti,
661 1110 689 1125 sed
700 1112 718 1125 ut
729 1110 801 1129 Domino,
809 1115 846 1126 cum
857 1111 887 1127 hu-

512 1134 579 1149 militate
587 1138 605 1149 ac
613 1134 707 1153 reverentia,
713 1139 750 1150 eum
758 1135 778 1150 de
786 1135 844 1151 montis
852 1140 886 1151 ver-

512 1158 542 1174 tice
552 1159 644 1179 reponendo
653 1159 669 1174 in
678 1161 725 1178 terra,
734 1160 807 1180 quamvis
815 1160 886 1176 Christus

512 1183 576 1204 propria
586 1184 644 1199 virtute
654 1184 689 1199 sine
700 1184 796 1200 difficultate
806 1189 825 1200 ac
837 1185 886 1201 lazsio-

511 1213 531 1223 ne
544 1208 622 1229 potuisset
634 1208 736 1227 descendere,
749 1213 781 1225 non
794 1209 846 1225 solum
859 1215 886 1231 po-

511 1235 567 1248 testate
578 1233 638 1251 divina,
647 1233 674 1249 sed
685 1235 702 1249 et
712 1233 765 1249 dotem
777 1234 853 1254 agilitatis
863 1240 887 1251 as-

511 1258 594 1273 sumendo.
602 1257 634 1273 Nec
645 1258 697 1274 solum
708 1258 738 1274 hac
749 1259 790 1278 vice,
799 1260 827 1275 sed
837 1260 885 1276 etiam

511 1284 548 1298 ante
560 1282 611 1303 angeli
625 1283 757 1299 ministraverunt
768 1284 783 1299 ei
796 1284 813 1300 in
825 1289 884 1304 eremo,

510 1307 556 1328 juxta
569 1307 607 1323 illud
620 1307 667 1323 Marci
678 1312 682 1323 :
694 1308 762 1328 Spiritus
774 1309 836 1329 expulit
847 1314 885 1326 eum
892 1316 959 1330 armans.

512 1332 528 1347 in
539 1332 629 1352 desertum3
639 1334 705 1353 eratque
716 1337 753 1349 cum
764 1333 825 1353 bestiis,
833 1336 849 1349 et
858 1339 885 1351 an—
893 1333 909 1343 ¹⁸·
