1079 1569
165 913 169 924 t
176 913 208 925 pm.
214 916 224 926 a,

234 119 263 135 196

301 123 375 136 mmmm
387 124 404 135 111
414 123 451 135 ΡθξΤ
461 123 564 135 mmmmm
575 123 639 135 misn-
650 127 670 130 -·
680 123 701 134 ΔΙ)
711 122 809 139 mmmmm
820 123 870 135 fimo
880 123 945 138 Qunn'us

253 165 341 187 Diligamus
350 171 388 187 ergo
395 171 424 182 nos
432 166 501 182 invicem
509 165 575 182 cordiali
585 165 607 181 af·
614 165 627 181 Δ
654 165 733 186 Amplius,
746 166 785 181 tales
797 166 833 182 aliis
847 170 879 182 non
891 165 979 184 confidunt,
989 168 1002 181 et

232 190 429 210 fecti-,eommunieatione
436 190 607 209 consilii,exhibitione

232 215 297 235 auxilii3
308 218 324 231 et
333 216 411 236 quidquid
423 216 492 231 fraterna
504 215 572 236 requirit
583 215 607 231 di-

232 240 286 259 lectio,
292 242 348 256 mutuo
355 240 467 261 impendamus
474 244 504 261 pro
511 245 563 261 posse,
572 240 607 256 loco

232 267 248 280 et
257 267 329 286 tempore
340 267 436 286 opportuno,
445 265 540 281 atterutrum
551 265 607 280 exhor-

232 290 285 308 tando,
290 290 372 305 caritative
380 289 486 310 corripiendo,
491 289 607 310 sapientialiter

232 314 329 332 instruendo,
334 314 450 335 compatiendo,
454 314 551 330 consolando
558 316 574 329 et
581 313 607 329 ob-

232 339 319 359 sequendo
327 339 373 354 Absit
380 341 398 354 ut
405 344 447 354 unus
455 338 505 354 alium
513 338 570 354 callide
578 343 606 354 un-

232 368 281 384 quam
289 363 399 382 observet,aut
406 363 441 384 ejus
449 363 521 379 deiectus
528 365 544 379 et
551 363 606 384 culpas

233 388 312 404 malitiose
323 388 419 406 conscribat,
426 389 454 404 aut
463 388 483 404 de
492 387 528 408 ejus
538 388 607 404 adversi-

232 415 270 432 tave,
278 413 330 431 ruina,
338 413 429 429 turbatione
439 413 501 429 laetetur
510 417 513 428 :
522 412 552 428 hoc
562 412 606 428 enim

232 437 330 453 diabolicum
338 440 385 456 esset,
392 442 423 453 nou
432 437 524 458 religiosum
531 439 559 453 aut
566 437 607 453 chri-

231 462 307 478 sumum.

254 487 338 508 Deinceps,
354 492 404 507 quum
420 486 509 503 similitudo
524 486 544 502 sit
558 491 606 502 causa

231 512 296 530 amoris,
304 514 321 527 et
330 512 364 532 ipse
374 511 451 527 Dominus
460 511 502 527 Dens
512 513 566 527 noster
573 515 606 527 orn-

231 536 311 557 nipotens,
322 536 343 552 sit
352 536 472 557 simplicissima
484 538 531 557 atque
541 536 607 557 purissi-

232 566 258 577 me
268 566 319 580 mens,
328 563 389 577 constat
400 561 442 582 quod
453 566 510 582 puram
521 563 537 576 et
546 560 607 581 simpli-

231 591 267 602 cem
279 585 360 607 principue
371 585 427 606 diligat
440 587 515 601 mentem.
526 585 557 601 Eos
569 590 607 601 vero

231 615 300 631 quorum
312 610 359 626 corda
369 610 412 631 plica
422 610 510 626 dolositatis
520 612 548 626 aut
557 610 607 626 simu-

232 635 296 651 lationis
304 637 396 655 tegumento
403 637 441 650 sunt
448 635 529 653 obvoluta,
537 635 607 650 maxime

232 660 329 679 detestatur;
339 661 355 675 et
365 659 404 675 tales
414 659 431 675 in
441 659 528 680 Scriptnris
539 659 607 680 smpissi-

232 688 288 700 me'ac
300 684 416 705 specialissime
428 684 535 704 reprehendit.
547 684 581 700 Irno
591 686 607 700 et

231 709 304 725 omnium
315 709 371 725 doctor
381 708 458 724 virtutum
469 710 485 724 et
496 708 544 724 totius
555 708 607 729 perie-

231 734 289 750 ctionis
297 733 377 754 magister,
384 733 433 749 Filius
441 733 469 749 Dei
477 733 554 749 Dominus
561 733 607 749 lesus

634 190 703 206 faciliter
715 190 734 206 de
747 190 782 206 aliis
797 190 869 207 sentiunt
884 191 925 207 male
938 192 955 206 et
965 190 1002 206 oble

634 217 711 236 quuutur,
719 217 767 236 atque
776 215 797 231 ab
807 215 830 231 eis
840 215 872 231 sibi
882 216 942 232 malum
954 215 1002 231 inferri

634 242 714 258 verentur,
725 240 820 256 arbitrantes
832 240 872 256 alios
884 240 915 256 sibi
928 244 962 256 esse
972 244 1002 255 con-

634 264 699 280 similes.
708 265 766 285 Sicque
777 265 853 285 impletur
861 265 877 280 in
885 265 909 281 eis
919 265 959 280 illud
966 264 991 280 lob
998 269 1001 280 :

634 289 698 305 Sortitus
708 289 772 305 terroris
782 294 847 310 semper
854 289 870 305 in
878 289 944 305 auribus
955 289 1045 310 impiimm

634 315 650 329 et
659 318 709 334 quum
721 318 751 334 pax
763 314 789 333 sit,
798 314 824 330 ille
836 314 902 330 insidias
913 314 1001 334 suspicatur.

634 338 669 354 lstis
679 338 737 354 dolosis
747 343 765 354 ac
775 338 855 354 simulatis
865 338 958 359 frequenter
967 338 1002 354 male

634 363 705 378 succedit
712 363 760 379 etiam
768 363 785 379 in
793 363 822 379 hac
830 363 867 382 vita,
876 365 892 379 et
898 363 942 383 justo
949 363 1003 383 judicio

633 387 686 407 agitur
693 389 710 403 ut
717 387 760 408 quod
767 387 804 403 aliis
811 387 864 403 iacere
872 387 1003 408 moliuntur,ipsis

634 412 719 432 contingat.
733 412 765 427 Nec
777 416 833 427 eorum
845 412 915 427 versutia
930 412 969 427 solet
980 412 1002 427 diu

634 441 698 452 manere
708 436 767 456 ignota,
775 436 814 457 quia
824 438 841 452 ut
850 436 911 452 Seneca
921 441 940 452 ac
949 436 1003 452 Tullius

613 462 625 478 B
634 461 672 477 fassi
684 463 727 479 sunt,
738 461 792 477 omnia
801 458 857 477 'fucata
869 463 886 476 et
897 461 936 477 fieta
949 461 979 477 cito
989 463 1003 476 ut

633 485 697 501 flosculi
710 485 791 504 decidunt,
802 487 818 501 et
829 485 845 501 in
858 490 903 501 suam
916 485 1003 501 relabuntur

634 512 716 530 naturaim
728 515 811 531 quumque
823 510 927 528 innotuerint,
939 512 1002 526 contem·

634 537 699 553 uuntur,
707 539 737 550 nec
747 535 819 550 ereditur
829 535 858 550 eis.

653 559 735 578 Praeterea,
743 559 817 580 quemvis
828 559 858 575 hoe
869 559 926 575 vitium
939 559 960 575 sit
969 559 1003 575 adeo

634 584 727 600 detestabile
738 584 754 600 in
764 584 911 603 omni-Christiano,
920 584 1002 605 praesertim

634 609 651 624 in
659 609 738 629 religioso,
745 609 796 624 nihilo
804 609 858 625 minus
865 609 931 630 quidam
939 609 1003 629 religiosi

634 638 653 649 eo
662 638 715 650 coram
726 634 758 649 Deo
768 636 806 649 sunt
815 633 870 649 iniecti
879 638 883 649 z
892 634 925 650 imo
936 633 1002 649 nonnulli

634 658 736 674 simulatione
746 663 765 674 ac
777 658 858 679 hypocrisi
871 658 915 679 pleni
928 660 970 675 sunt.
979 658 1002 678 qui

634 688 687 699 coram
702 683 738 699 aliis
753 683 861 699 maturitatem
875 687 894 698 ac
906 683 1002 699 devotionem

634 707 740 728 praetendunt,
745 709 762 723 et
769 707 785 723 in
793 712 823 723 suo
830 709 891 723 secreto
899 707 978 726 indevote,
986 707 1003 723 ir

634 734 725 748 reverenter
733 734 749 748 et
757 732 852 748 incustodite
862 737 880 748 se
889 732 949 748 habent
956 737 1003 748 coram

232 759 309 777 Christus,
316 758 332 774 in
340 758 431 778 Evangelio,
437 758 457 773 de
465 757 573 776 simulatione,
580 758 607 779 hy·
614 758 625 774 G
633 757 721 776 Altissimo,
734 757 803 778 ejusque
816 761 857 778 opus
871 757 946 773 efficiunt
960 756 1003 777 negli-

231 783 291 804 pocrisi
299 785 316 799 et
324 782 362 799 ticon
371 782 433 803 justitia
442 782 544 803 potissimum
554 787 607 804 repre-

231 808 288 824 hendit
301 808 364 824 Scribas
377 809 392 823 et
405 807 500 827 Pharisaeos3
513 809 528 823 et
543 807 606 823 laudem

231 833 324 851 humanam,
332 832 379 852 cnjus
389 836 443 848 amore
450 831 497 848 multi
505 832 607 848 simulatione

232 860 304 876 utuntur,
317 862 407 878 vanamque
418 857 491 877 gloriam,
503 857 607 872 vehementer

231 883 277 903 jubet
289 882 384 898 abominari.
395 881 435 897 Hinc
447 882 551 897 felicissimus
564 881 608 902 prin-

232 912 270 929 ceps
284 907 396 928 Apostolorum
410 911 413 922 :
427 906 526 927 Deponentes
540 906 607 927 (inquit)

232 937 297 949 omnem
312 931 395 950 malitiam,
408 933 424 947 et
439 936 503 947 omnem
517 930 578 949 dolum,
591 932 607 946 et

232 956 348 975 simulationes,
358 958 375 972 et
385 955 459 974 invidias,
469 958 485 971 et
494 955 606 974 detractiones,

231 983 273 998 sicut
281 981 328 998 modo
335 981 384 1001 geniti
393 980 462 996 infantes
470 980 578 999 rationabiles,
586 980 607 996 si-

232 1012 252 1023 ne
259 1007 297 1022 dolo
306 1006 336 1025 lae,
344 1006 360 1021 id
368 1007 392 1021 est
399 1005 495 1021 innocentius
504 1010 522 1021 ac
533 1005 607 1026 puritatis

232 1032 300 1048 nitorem
311 1033 359 1051 atque
369 1030 457 1048 dulcorem,
466 1030 581 1050 concupiscite,
589 1032 607 1045 ut

633 784 694 802 genter.
702 782 772 800 Quorum
782 782 864 798 demnatio
871 782 902 798 erit
909 782 1002 802 gravissima,

634 811 684 827 quum
693 806 768 822 simulata
777 806 844 827 equitas
853 807 874 822 sit
880 806 940 827 duplex
950 806 1003 827 iniqui-

633 833 662 847 tas.
675 831 691 847 Si
706 836 743 852 ergo
758 836 829 852 unquam
844 831 876 847 Deo
890 831 958 852 placere,
971 835 1003 846 veie

634 856 718 877 prolicere,
727 856 836 876 proximisque
849 856 926 872 amabiles
936 861 971 872 esse
980 860 1003 876 op-

634 883 691 899 tamus,
704 880 799 901 abjiciamus
814 881 880 897 omnino
894 885 903 896 a
918 881 964 897 nobis
977 880 1002 896 boc

634 905 704 925 crimem
716 905 780 926 sintque
792 905 840 921 corda
852 907 906 921 nostra
918 910 970 921 coram
981 905 1002 921 Ju-

633 930 669 946 dice
680 935 744 946 surnmo
756 930 818 946 sincera
829 932 845 946 et
857 932 906 949 reeta,
920 932 938 946 ut
948 930 1003 950 absque

633 955 677 971 omni
687 955 781 975 obliquitate
792 954 866 971 humanas
877 955 945 974 astutia,
956 954 1003 975 dupli-

633 980 686 996 citatis
695 984 714 995 ac
723 979 840 998 fraudulentiae,
849 979 928 995 linealiter
935 979 1003 995 extenda-

634 1009 670 1020 mur
677 1009 695 1020 ac
703 1009 796 1020 moveamur
804 1004 824 1020 ad
832 1004 923 1020 Dominum.
932 1004 1003 1024 Tuncque

634 1029 743 1045 indubitanter
752 1028 854 1044 visitabimur
863 1030 911 1049 atque
921 1029 1003 1044 ditabimur

232 1057 249 1073 in
256 1061 276 1072 eo
283 1056 358 1072 crescatis
367 1055 383 1071 in
393 1055 466 1071 salutem.
474 1055 514 1070 Hinc
522 1059 577 1070 rursus
585 1054 607 1070 ait
614 1055 626 1071 D
633 1054 654 1070 ab
661 1054 717 1069 eodem
726 1053 813 1074 gratiarum
824 1053 947 1069 charismatibus
956 1053 1003 1074 eopio-

232 1080 428 1102 Soripturazffimulatures
436 1081 452 1095 et
459 1079 512 1095 callidi
521 1081 607 1100 provocant
634 1083 657 1097 se,
665 1078 703 1099 quia
713 1080 730 1094 ut
739 1078 813 1094 Salomon
823 1078 851 1097 eit,
859 1083 897 1094 eum
906 1078 1003 1099 simplicibus
1008 1081 1045 1094 mu:

159 1089 225 1131 ¹3:131,
232 1106 272 1122 iram
280 1105 318 1125 Dei;
326 1107 347 1123 et,
355 1104 383 1120 Vir
390 1105 464 1120 versutus
471 1103 535 1120 odibilis
543 1106 576 1124 est;
585 1106 605 1122 et,
634 1105 659 1119 est
668 1103 780 1119 sermocinatio
791 1103 824 1118 Dei.

159 1136 175 1147 n.
195 1128 198 1131 ’
221 1128 224 1133 “
232 1131 260 1146 Vir
267 1130 327 1151 duplex
334 1129 388 1145 animo
396 1129 487 1144 inconstans
497 1131 522 1144 est
531 1128 548 1144 in
555 1129 607 1144 omni·
655 1128 726 1148 insuper,
739 1132 770 1143 non
785 1127 837 1143 solum
849 1128 869 1143 ad
881 1128 967 1148 proximos,
979 1127 1003 1143 sed

157 1151 196 1163 ¹¹⁰⁰*
203 1152 224 1164 '¹⁸⁴
232 1155 263 1171 bus
275 1154 305 1170 viis
319 1154 363 1173 suis3
375 1155 396 1172 et,
411 1153 440 1172 Qui
455 1153 518 1169 blandis
532 1153 607 1174 fictisque
634 1153 673 1168 item
683 1152 702 1168 ad
712 1152 768 1171 Deum,
779 1152 858 1168 debemus
868 1152 927 1168 habere
937 1152 1003 1168 dileetio-

158 1167 225 1196 xvi-'xiix‘
232 1179 334 1196 sermonibus
345 1178 405 1199 decipit
416 1178 486 1194 amicum
498 1183 550 1197 suum,
559 1178 607 1194 male-

232 1204 292 1221 dicenti
302 1203 361 1219 similis
370 1203 405 1218 erit.
416 1203 447 1219 Sed
456 1205 473 1218 et
481 1202 509 1223 qui
520 1203 607 1224 sophistice

233 1230 309 1251 loquitur,
315 1228 380 1245 odibilis
388 1230 417 1247 est,
423 1228 439 1243 in
447 1228 491 1244 omni
500 1232 516 1243 re
525 1228 607 1243 defrauda-

232 1255 286 1274 bitur;
294 1258 326 1270 non
337 1255 361 1269 est
371 1253 394 1268 illi
407 1253 442 1268 data
452 1252 502 1273 gratia
514 1257 523 1268 a
533 1252 606 1271 Domino,

232 1279 276 1296 omui
284 1279 328 1295 enim
336 1277 414 1299 sapientia
421 1277 523 1293 defraudatus
531 1279 560 1293 est.
567 1277 607 1293 Ecce

635 1182 671 1194 nem
685 1177 745 1198 absque
757 1177 865 1196 simulatione,
875 1182 896 1193 ne
906 1182 943 1193 eum
955 1177 1004 1193 verbis

635 1200 718 1218 laudemus
727 1203 744 1217 et
753 1201 799 1217 iactis
810 1202 930 1221 inhonoremus,
938 1207 958 1218 ne
967 1202 1004 1217 dica-

635 1232 671 1243 mus
678 1231 707 1243 nos
715 1231 752 1242 eum
760 1226 853 1247 diligere,et
861 1227 919 1242 mentis
926 1226 1003 1242 aversione

634 1254 681 1272 atque
692 1253 808 1272 praeceptorum
815 1251 940 1271 transgressione
949 1251 1003 1267 dissen-

634 1276 692 1292 tiamus
704 1276 724 1292 sb
734 1280 759 1294 eo,
768 1276 904 1296 quemadmodum
915 1276 935 1292 de
943 1275 1003 1296 quibus-

634 1301 671 1316 dam
681 1300 785 1321 conqueritur
791 1301 798 1319 j:
807 1300 877 1321 Populus
888 1300 914 1316 bie
925 1300 969 1316 labiis
981 1302 1041 1316 meon-1

635 1326 706 1344 honorat,
715 1330 742 1341 cor
749 1327 803 1341 autem
811 1330 867 1341 eorum
875 1325 922 1346 louge
929 1327 953 1341 est
958 1330 968 1341 a
975 1329 1002 1341 me.

171 1214 207 1225 52:¹³3

158 1233 198 1243 ΜΠ.
207 1230 224 1243 22.

231 1306 310 1325 quantum
318 1303 400 1323 Scriptum
407 1302 499 1320 detestatur,
504 1302 584 1322 vituperat
591 1304 607 1317 et

231 1329 327 1345 condemnat
337 1328 368 1344 hoc
377 1327 435 1343 vitium
445 1326 553 1343 maledictum.
