1079 1569
270 127 345 138 nomina
355 127 478 139 annuae-asma
489 131 509 134 —

519 127 570 139 suano
579 127 648 141 ouaa'ros
817 122 846 139 ³01

73 169 148 185 mundum
156 174 187 185 non
195 169 267 185 condidit
273 169 294 185 ab
301 172 363 187 mterno,
367 169 392 185 vel
401 170 445 190 prius
452 170 465 186 Δ
472 174 492 185 ne
502 174 520 185 ac
530 170 629 190 possessione
636 169 759 190 supersublimis
766 169 808 185 Deus
815 173 847 185 non

73 199 119 214 quam
128 196 166 210 tune
176 199 226 215 quum
235 199 272 210 eum
281 194 345 210 creavit.
354 194 374 210 Et
381 199 445 215 respon-

73 219 148 237 dendum,
158 219 201 239 quod
213 219 245 235 Deo
257 219 280 235 sie
293 219 357 240 placuit,
369 224 399 235 nec
411 223 446 240 poe-

55 248 127 261 u,su1nus
142 248 207 259 sensum
220 243 247 259 Dei
259 248 360 264 cognoscere,
373 244 398 259 vel
410 244 446 264 ejus

73 268 138 283 scrutari
147 268 213 288 judicia,
222 268 272 284 Rabbi
280 268 340 289 Moyses
348 270 401 284 tamen
410 273 446 284 con-

73 293 154 308 venienter
163 293 250 313 respondit,
258 293 301 313 quod
312 293 348 308 ideo
357 293 377 308 nb
387 295 446 309 interno

73 322 101 333 uon
110 317 182 333 condidit
192 317 276 336 mundum,
284 318 312 333 sed
322 318 341 333 de
349 322 390 333 novo
400 319 416 333 et
425 318 445 333 si-

73 342 103 357 mul
114 347 151 358 cum
161 344 239 363 tempore,
247 342 266 357 ad
276 342 392 358 ostendendum
402 342 445 363 quod

73 367 126 386 libere,
134 369 150 382 et
160 371 191 382 non
203 367 297 382 necessitate
308 369 368 383 netune
378 371 407 382 seu
418 372 445 382 na-

73 391 116 407 turali
131 392 237 410 emanatione,
250 391 328 407 creaverit
342 396 385 410 eum,
397 394 445 412 atque

72 416 89 431 ad
104 416 221 432 ostendendum
237 416 279 436 quod
296 416 329 437 ipse
344 416 387 432 solus
403 416 444 432 Deus

72 443 138 456 aeternns
148 440 175 459 sit,
183 443 199 456 et
208 445 217 456 n
227 440 271 456 nullo
281 441 378 461 dependens,
389 443 405 456 et
414 441 445 456 nlin

473 194 537 214 indiget.

493 219 569 235 Praeterea
578 219 628 240 uliqui
637 221 716 240 quaerunt,
725 223 754 234 cur
761 219 802 234 Deus
811 223 847 234 eon-

472 243 513 259 didit
521 244 608 262 hominem,
617 248 665 264 quem
675 243 723 259 scivit
730 248 809 259 casurum*
818 243 847 262 Qui

472 267 522 284 simili
530 268 577 284 ruodo
584 273 655 289 qumi-ere
663 270 733 289 possent,
740 273 769 283 cur
776 268 848 284 condidit

472 293 542 313 angelos,
555 297 595 314 quos
610 293 654 309 novit
669 297 705 308 mox
720 292 790 308 ruituros
803 294 847 308 mter-

473 317 562 338 naliterque
576 317 683 337 damnandos;
696 322 725 333 cur
736 317 785 333 etiam
797 317 848 338 quoti-

472 342 498 358 die
506 344 549 358 creat
553 342 614 358 animas
623 346 726 363 paganorum,
734 342 824 358 iudeorum
832 344 848 358 et

472 366 598 382 damnandorum
607 366 737 383 Christianorum.
742 366 764 382 Ad
772 371 808 387 qum
815 371 848 382 orn>

472 391 499 407 nie
515 391 625 412 respondetur,
640 391 683 412 quod
698 391 739 407 Deus
754 391 848 407 naturaliter

472 416 524 432 bonus
536 416 632 436 insiniteque
644 416 713 436 sepiens,
724 416 763 431 {ecit
773 416 816 436 quod
827 416 847 432 ad

472 445 517 456 suom
526 440 603 461 pertinuit
613 440 700 456 bonitatem
710 440 796 461 decuitque
806 445 848 456 eam-

73 467 128 481 cuncta
139 465 160 481 ab
171 470 191 481 eo
200 469 204 481 ε
214 465 257 486 quud
268 465 306 481 hinc
319 465 407 481 clarissime
419 465 445 481 de·
454 466 465 482 B
473 465 518 484 dem;
531 469 561 480 nec
573 465 603 481 hoc
617 464 685 480 debebat
697 465 771 481 omittere
783 466 848 485 propter

72 492 172 508 monstratur,
180 490 219 510 quia
229 490 248 505 de
259 494 301 506 novo
310 494 330 505 ex
341 492 412 511 tempore
423 490 445 506 {a-

72 517 104 530 ctus
114 516 140 530 est
149 514 223 530 mundus.
233 514 264 530 Cur
273 517 326 530 autem
336 517 380 533 tunc,
388 517 405 530 et
413 519 445 530 non

72 541 111 557 anie,
121 539 199 554 mundum
207 539 272 558 creavit,
280 539 347 554 stultum
354 541 379 555 est
386 544 445 560 quere-

72 569 87 579 re
96 568 99 579 t
107 564 183 584 quoniam
193 566 230 579 ante
240 564 295 579 mundi
306 564 402 579 creationem
413 568 445 579 nou

73 589 101 604 luit
112 590 182 609 tempus.
195 593 225 604 nec
239 590 276 604 ante
291 593 320 604 nec
333 588 378 609 prius
393 593 445 609 neque

73 613 155 634 posterius,
163 613 237 634 quamvis
248 613 328 633 possimus
341 613 378 629 talia
390 613 445 633 imagi-

73 638 110 656 nari,
123 643 159 659 quie
172 637 264 658 imaginatio
276 637 317 653 nihil
330 640 381 658 potest
394 638 410 653 in
422 643 443 653 re.

73 663 114 678 Unde
125 662 191 683 quaestio
202 662 229 678 illa
240 664 264 678 est
274 662 316 681 talis,
326 662 371 683 quasi
384 664 445 683 petere-

73 692 106 703 mus
115 692 118 703 :
127 687 177 706 Quare
185 687 227 703 Deus
237 691 268 703 non
279 687 317 703 iecit
325 692 353 703 sou
361 687 445 703 collocavit

73 712 149 728 mundum
159 712 207 727 altius
218 714 246 728 aut
255 711 318 727 bnasius
326 713 332 727 ²

91 737 156 757 Insuper
168 736 251 757 simplices
263 741 334 757 quierere
346 736 403 755 solent,
417 736 444 752 ubi

472 489 543 505 futuram
558 491 667 505 creaturarum
682 489 813 510 ingratitudinem
825 491 847 504 at-

472 519 503 535 que
516 514 598 533 malitiamy
609 519 657 535 quam
668 516 684 530 et
696 514 756 530 idcirco
768 514 847 535 permisit,

472 539 510 559 quia
517 541 550 554 tam
558 539 609 554 bonus
617 541 633 554 et
640 539 704 559 sapiens
711 541 740 557 est,
749 539 791 559 quod
800 543 819 554 ex
829 543 848 554 ea

472 563 522 579 multe
530 563 571 579 bona
578 563 637 579 elicere
645 563 696 584 potuit
703 568 721 579 nc
729 563 784 579 voluit.
792 572 813 574 —
819 563 848 578 Ito-

472 593 508 604 rum
518 588 600 609 quaritur,
609 593 657 609 quare
669 588 720 609 magis
729 588 789 604 creavit
798 588 848 604 Evam

472 613 489 628 iu
506 613 579 633 paradiso
596 617 644 633 quam
659 613 714 629 Adam.
730 613 847 634 Respondetur,

472 637 514 658 quod
525 637 541 653 in
551 637 581 653 hoc
592 637 676 653 honoruvit
685 642 741 653 sexum
752 637 847 656 femineum,

472 664 550 682 quatenus
558 662 588 678 viri
596 662 673 683 conjuges
680 667 717 678 suas
726 667 758 678 non
766 664 847 683 spernant,

472 687 500 702 sed
508 688 609 702 venerentur.
618 687 683 703 Possent
690 687 716 703 hic
726 687 758 702 alia
767 687 813 708 plura
824 687 848 703 in-

472 711 553 732 vestigari,
561 711 636 727 videlicet
643 716 647 727 z
656 716 685 727 cur
692 716 723 727 non
732 711 780 727 simul
788 712 848 727 creavit

472 736 522 751 Adam
533 738 550 751 et
561 736 616 754 Evam,
624 736 665 751 sicut
676 736 693 752 in
703 736 739 752 aliis
751 736 848 752 animalibus

72 761 111 777 neus
121 761 152 777 ruit
161 763 198 777 ento
207 761 263 777 mundi
273 761 375 779 creationem,
383 761 445 782 etquid
454 762 466 778 G
473 765 533 776 marem
548 763 565 776 et
577 760 658 776 femellam
673 760 721 776 simul
736 761 820 781 produxit;
833 763 849 776 et

73 788 109 802 tunc
116 786 159 802 fecit.
164 786 327 806 Respondetur,quod
335 786 371 801 talis
378 786 445 806 quoestio

72 813 95 826 est
106 811 159 831 potins
171 810 288 831 compescenda
300 815 348 831 quam
363 810 444 829 solvenda,

72 835 108 856 quia
118 837 134 850 et
143 835 239 855 magistralis
248 835 338 853 solutionis,
347 835 412 853 indocti,
420 840 445 851 ru-

72 860 99 875 des
108 862 124 875 et
133 859 215 880 simplices
225 864 257 875 non
268 862 305 875 sunt
313 864 384 880 capaces⁴
393 860 445 875 Brevi-

73 887 95 900 ter
102 887 154 900 tamen
165 884 293 905 respondendum
304 884 345 903 dico,
353 884 396 905 quod
404 884 445 900 Deus

73 909 87 924 iu
97 914 114 924 se
124 909 158 930 ipso
167 911 192 924 est
199 913 227 924 ens
237 908 309 924 absolute
319 909 414 929 perrectum,
423 909 445 924 in-

72 933 227 954 circumscriptibile,
233 933 343 954 purissimum,
350 933 431 949 infinitum
440 938 444 949 z

72 958 106 974 ideo
116 958 183 974 illocalis
193 960 218 974 est
225 960 240 974 et
249 958 364 979 intemporalis,
373 958 394 974 ita
403 958 445 979 quod

72 983 101 999 sibi
114 988 145 999 non
158 983 235 1004 competit
244 988 279 999 esse
292 983 309 998 in
321 983 356 999 loco
367 985 395 999 out
407 985 445 999 tern-

72 1013 114 1028 pore,
125 1008 155 1024 nisi
167 1012 196 1029 per
206 1007 358 1026 transcendentium,
369 1008 445 1028 quoniam

71 1037 118 1048 omne
129 1035 193 1053 tempus
206 1034 222 1048 et
233 1037 297 1048 omnem
312 1032 365 1048 locum
378 1032 446 1048 includit

473 790 502 801 cur
513 786 533 801 de
546 788 589 802 coste
600 786 631 801 viri
645 785 702 801 fecerit
714 785 807 805 mulierem3
819 790 849 801 cur

473 810 511 826 item
524 810 574 831 magis
586 810 605 826 de
616 812 659 826 costa
671 815 720 831 quam
732 810 773 831 pede
784 812 812 826 aut
824 815 848 826 ca-

473 835 511 856 pite,
519 837 547 850 aut
554 835 585 850 alia
593 835 664 855 corporis
674 837 724 855 parte⁴
733 835 763 851 Sed
774 835 847 851 brevitati

473 860 569 875 studendum
577 862 610 879 est;
621 859 637 875 in
647 859 683 875 aliis
691 864 755 880 quoque
765 860 804 876 locis
814 860 848 876 hac

473 886 548 905 poterunt
558 884 603 900 solvi⁴

493 909 542 929 lgitur
554 909 570 924 in
583 909 612 924 hec
624 908 705 925 dominica
716 909 846 929 Septuagesimae,

473 933 522 949 vitam
533 933 660 954 poenitentinlem
670 938 776 952 assumamus,
785 935 801 949 et
811 938 847 954 pro-

473 958 508 978 pria
517 962 535 973 ac
546 958 655 978 proximorum
665 958 767 978 deploremus
774 961 847 979 peccatu

473 988 537 999 omnem
552 983 616 999 inanem
630 983 725 1003 abjiciamus
740 983 816 1002 letitiam,
831 986 848 999 et

472 1008 532 1023 salubri
544 1007 635 1023 afficiamur
645 1008 710 1023 tristitia
718 1012 721 1023 :
730 1008 768 1028 quia
778 1010 796 1024 ut
805 1008 847 1024 Salo-

473 1037 510 1048 mon
517 1032 545 1051 ait,
554 1032 584 1048 Cor
591 1032 682 1051 stultorum,
690 1032 718 1048 uhi
728 1032 788 1051 lustitia,
796 1035 812 1049 et
820 1038 847 1049 cor
854 1042 922 1055 extemis,

71 1060 118 1078 atque
125 1057 192 1073 excedit.
202 1057 237 1073 Fuit
245 1057 293 1077 igitur
301 1057 342 1073 Deus
350 1057 446 1073 internaliter
453 1057 465 1073 D
472 1057 575 1078 sapientium,
583 1057 611 1072 ubi
621 1057 690 1073 tristitia.
699 1057 718 1072 Et
728 1057 786 1073 iterum
796 1057 847 1078 loqui-

72 1084 86 1098 et
99 1087 163 1103 prorsus
178 1081 294 1097 invariabiliter
308 1082 325 1097 in
339 1086 356 1097 se
372 1082 417 1102 ipso;
429 1083 446 1097 et

71 1107 143 1127 quamvis
153 1108 189 1122 ente
198 1106 253 1122 mundi
261 1106 358 1122 creationem
368 1107 390 1122 nil
401 1106 444 1125 fecit,

72 1132 135 1152 proprie
149 1131 228 1147 sumendo
241 1132 296 1151 facere
310 1136 339 1152 pro
353 1132 445 1152 operatione

72 1158 115 1172 cxtre
126 1158 206 1174 manante,
219 1158 272 1171 tamen
287 1155 347 1171 otiosus
362 1160 393 1172 non
408 1156 444 1174 l'uit,

72 1181 99 1197 sed
107 1181 139 1201 egit
151 1181 193 1202 quod
203 1180 236 1201 agit
247 1180 299 1199 modo,
311 1185 327 1196 se
338 1180 392 1201 ipsum
401 1183 445 1197 mter-

72 1206 128 1221 naliter
139 1205 262 1226 contemplando
276 1210 294 1221 ac
309 1205 395 1225 diligendo.
410 1205 446 1221 Fuit

72 1235 135 1251 quoque
147 1230 163 1246 in
175 1230 208 1246 Deo
218 1229 238 1245 ab
249 1231 308 1245 interno
317 1230 399 1250 generatio
409 1230 446 1246 Ver-

73 1255 88 1270 bi
99 1254 153 1271 aeterni
160 1259 170 1270 a
181 1255 231 1273 Patre,
244 1256 291 1275 atque
304 1254 385 1275 processio
396 1255 446 1276 Spiri>

73 1282 97 1295 tus
108 1279 161 1295 Sancti
171 1279 192 1295 ab
203 1281 276 1300 utroque.
285 1279 302 1295 ln
314 1279 373 1300 quibus
383 1279 445 1295 actibus

73 1304 149 1325 perfectio
160 1306 176 1319 et
188 1304 267 1319 immensa
278 1303 346 1320 (elicitas
356 1304 384 1320 Dei
396 1304 447 1320 eonsi-

73 1329 109 1349 stit3
121 1328 196 1344 creaturis
207 1333 245 1344 vero
255 1330 271 1344 et
281 1333 336 1344 earum
346 1328 447 1349 gubernatio-

472 1081 567 1097 tui-:Melius
575 1083 599 1097 est
606 1081 629 1097 ire
637 1081 657 1097 ad
664 1081 730 1097 domum
738 1081 847 1103 luctus,quam
861 1089 890 1101 nu.
897 1090 908 1100 x,

472 1106 492 1122 ad
504 1106 569 1122 domum
585 1106 664 1126 convivii,
677 1106 693 1122 in
708 1106 736 1122 illa
750 1106 794 1122 enirn
809 1106 847 1123 iinie

473 1133 567 1146 cunctorum
574 1131 668 1147 admonetur
676 1131 764 1150 hominum,
768 1133 785 1147 et
792 1132 848 1148 vivens

473 1156 531 1176 cogitat
538 1155 577 1176 quid
585 1155 657 1171 futurum
665 1156 690 1171 sit.
699 1155 802 1177 Deplorenius
810 1161 848 1177 ergo

473 1180 545 1196 miserias
553 1183 620 1199 nostras,
628 1183 644 1196 et
651 1180 738 1196 novissima
748 1183 801 1197 nostrii
809 1186 847 1202 quo-

472 1205 511 1221 tidie
518 1205 636 1226 provideamus,
644 1205 674 1221 hoc
682 1207 706 1221 est
714 1207 786 1224 mortem,
795 1206 847 1222 distri-

472 1232 516 1245 ctum
527 1230 555 1245 Dei
564 1230 649 1250 judicium,
657 1230 732 1246 aiter-nale
742 1230 846 1251 supplicium,

473 1257 489 1270 et
495 1254 553 1275 gaudia
560 1254 642 1270 natorum
647 1259 651 1270 z
656 1254 675 1270 de
683 1254 740 1275 quibus
748 1255 764 1271 in
772 1255 848 1271 Ecclesia-

473 1279 513 1295 stico
520 1279 597 1299 scriptum
605 1281 634 1297 est,
637 1279 716 1295 Memento
723 1279 846 1296 novissimorum
867 1285 904 1297 ἰσώ-

473 1306 547 1324 tuorum;
562 1305 578 1319 et
592 1303 656 1322 iterum,
671 1304 745 1320 Meditare
760 1304 847 1321 novissima
853 1302 921 1330 “2223

473 1330 506 1347 tua,
514 1330 530 1344 et
541 1328 557 1344 in
568 1330 646 1344 aternum
657 1333 688 1344 non
699 1329 778 1349 peccabis.
853 1333 871 1343 w
