1079 1569
159 797 167 808 11
174 797 199 808 cor.
204 800 219 810 m.

153 814 169 824 ιι,

159 995 220 1008 manni<

153 1240 188 1251 Hetr.
192 1240 208 1252 ’,ι
211 1240 221 1250 ι.

223 128 254 144 458

412 134 485 146 bonitum
497 134 512 146 W
522 134 650 148 QUADEAGBSM.
660 139 680 141 —
690 134 740 146 81110
750 134 813 146 Τ-’Πΰδ

223 175 243 191 nd
251 176 351 196 spiritualem
358 176 461 197 potationem,
470 181 520 197 quum
529 176 573 195 dicit.
580 176 598 192 Et
606 176 618 192 Δ
626 176 674 192 debet
681 176 749 197 quilibet
756 176 772 192 in
780 177 845 192 caritate
852 177 929 192 exsistens
936 176 1005 196 gratiam

224 200 284 220 bibite;
292 201 344 219 tertio,
352 201 372 216 ad
380 201 458 217 intui-nam
469 201 598 219 inebriationem,

224 229 274 245 quum
289 225 348 244 subdit,
361 226 381 241 Ει
393 225 500 244 inebriamini,
514 226 597 241 carissimi.

223 250 360 268 Quemadmodum
370 250 413 266 enim
424 255 482 271 corpus
492 253 564 266 nostrum
572 250 599 266 de-

224 274 313 290 bilitaretur
325 277 372 295 atque
387 275 469 294 deiiceret,
482 275 512 291 nisi
527 277 599 296 tempore

224 301 314 320 opportuno
324 300 401 320 corporali
412 300 448 316 cibo
459 304 477 315 ac
489 302 526 320 potu
537 302 599 315 susten-

224 326 289 342 taretur,
297 324 320 339 sin
330 324 384 340 anima
396 327 449 340 nostra
459 324 564 345 spiritualiter
574 324 600 340 de-

224 348 296 364 bilitatur
306 353 324 364 ac
335 349 408 367 moritur,
417 349 430 365 si
440 354 471 365 non
482 349 561 370 spirituali
572 349 600 364 ali-

224 373 278 389 monia
294 373 381 389 rerieiutun
396 374 456 394 ltaque,
472 374 514 389 sicut
529 373 600 389 Salvator

224 397 288 413 turbam
296 398 340 413 illam
350 398 370 414 de
380 403 411 419 qua
421 398 437 414 in
448 398 530 419 evangelio
538 398 600 414 hodier-

224 426 245 438 no
252 422 271 438 lit
278 427 336 441 sermo,
345 428 364 438 ex
372 423 444 443 quinque
455 423 523 443 panibus
531 422 600 438 duobus-

223 452 255 467 que
268 447 339 468 piscibus
350 447 418 466 satiavit,
427 448 450 463 sic
460 448 522 463 animas
533 452 599 463 suorum

626 201 766 222 contemplationis
780 201 844 220 babere,
859 201 935 222 quoniam
950 200 1006 216 omnis

627 226 662 241 talis
672 226 732 241 donum
742 226 825 246 sapientia
834 226 923 242 seeundum
932 225 1004 246 aliquem

626 250 675 266 babet
681 251 754 271 gradum,
763 255 792 272 per
799 251 841 272 quod
851 251 870 266 ad
880 250 968 271 aliqualem
975 250 1005 266 Dei

627 275 779 296 contemplationem
790 276 857 291 idoneus
868 275 955 291 invenitur.

647 300 735 319 Secundus,
748 302 772 316 est
784 300 830 321 panis
842 300 968 318 sacramentalis,
979 302 1004 315 ut-

627 327 664 345 pote
677 329 735 345 corpus
747 325 832 341 Salvatoris
841 329 844 340 ι
853 325 873 341 de
886 329 918 345 quo
929 325 951 340 ait
963 324 1005 345 Apo-

627 349 683 367 stolus,
692 349 737 365 l'anis
745 354 794 370 quem
804 349 889 367 sumimus,
898 353 950 365 nonne
960 353 1004 364 com-
1012 354 1058 365 icem.

628 374 716 390 municatio
723 374 794 394 corporis
805 374 868 390 Domini
876 374 911 389 esti
918 373 946 389 aie
957 373 1005 389 cibus

627 400 652 414 est
663 398 789 414 Christianorum
802 398 885 416 viaticum,
898 398 914 413 id
926 400 950 414 est
961 398 1005 413 salu-

628 422 716 438 berrimum
727 423 822 438 alimentum
833 427 866 444 quo
876 423 892 438 in
904 423 956 438 anima
967 427 1005 438 eon-

628 447 707 463 sonantur
719 448 738 463 sd
753 448 868 463 ambulandum
881 452 900 463 ae
913 447 1005 468 pertingen-

223 471 297 487 iidelium
313 472 385 493 quotidie
400 473 472 493 quinque
488 472 599 493 spiritualibus
607 472 619 488 B
628 472 667 488 dum
680 477 709 493 per
720 472 763 488 viam
776 472 824 493 nujus
836 472 889 488 exsilii
902 472 921 488 ad
935 472 1004 493 patriam

224 496 293 517 panibus
303 496 398 518 duobusque
408 497 479 518 piscibus
490 497 547 515 reiicit,
556 497 600 513 mbo-

225 523 254 539 rat,
263 521 353 542 impinguat
362 524 410 542 atque
422 521 495 537 inebriat,

245 546 307 561 Primus
318 546 369 566 panis,
378 548 402 562 est
414 546 448 567 ipsa
459 546 601 567 superbeatissima

225 570 283 589 Deitas,
291 575 319 586 seu
331 571 444 592 contemplatio
455 573 471 586 et
482 571 547 587 dilectio
558 571 599 591 ejus.

225 595 291 611 Sum-nn
298 595 358 611 etenim
366 596 439 614 Trinitas,
448 600 483 617 qum
491 598 515 611 est
522 600 554 611 una
561 595 599 611 sim-

226 620 314 640 plicissima
327 620 385 638 Deitas,
398 622 422 636 est
433 620 506 636 omnium
516 620 600 636 Beatorum

226 644 242 660 in
251 645 302 665 patria
310 644 359 660 robur
368 647 384 660 et
393 645 438 661 cibus
448 649 467 660 ac
477 645 516 660 {elix
524 645 600 664 relectio3

225 671 240 685 et
248 669 290 685 sicut
297 669 438 690 comprehensores
446 670 474 685 alit
482 674 510 690 per
517 669 542 685 sui
551 669 601 690 ipsius

225 693 315 710 beatificam
323 694 401 710 visionem
409 699 427 710 ac
435 694 497 714 plenam
504 694 600 712 fruitionem,

225 719 248 734 sie
256 718 310 734 reiicit
319 719 387 734 viatores
397 723 426 739 per
434 718 472 734 fidei
480 718 601 739 contemplatio-

225 748 268 761 uom,
277 748 305 763 per
312 743 382 759 caritatis
390 743 493 759 affectionem
503 745 551 763 atque
559 743 601 758 l‘utu-

628 496 717 512 Beatorum.
726 497 748 513 De
758 501 790 517 quo
801 497 869 517 ipsemet
879 497 950 517 loquitur
959 497 1004 513 Chri-

628 524 662 537 stus
671 526 674 537 :
683 521 723 538 Caro
730 527 766 537 mea
773 526 810 537 vere
818 524 842 537 est
849 521 905 540 eibus;
913 524 934 540 et,
941 521 970 537 mc
979 524 1005 537 ost
1017 525 1058 536 Am«

628 546 674 567 panis
682 546 701 562 de
709 546 750 562 coelo
757 546 860 562 descendens.
867 546 1004 565 Quemadmodum
1012 542 1039 567 νὴ,
1045 558 1055 566 a

628 571 672 586 enim
689 571 761 587 Christus
776 575 809 587 suae
824 570 912 587 divinitatis
929 570 1005 586 beatifica

629 595 705 611 lruitione
717 595 770 611 reiicit
782 595 798 611 in
812 595 852 611 coelo
864 595 926 614 Beatos,
937 595 959 611 ita
970 600 1005 611 eor-

629 620 672 640 poris
685 620 795 636 sacramentali
808 620 911 641 perceptione
922 620 975 636 reficit
986 620 1003 635 in

629 647 670 660 terra
683 645 751 660 viatores
763 644 878 660 fideles.}1unc
891 645 944 660 cibum
956 644 1004 660 debet

629 669 698 690 quilibet
712 669 811 685 Christianus
827 669 899 690 quotidie
915 669 934 685 ad
950 669 1003 685 miuus

629 694 734 714 spiritualiter
745 694 823 714 accipere,
835 694 865 710 hoc
876 696 906 712 est,
914 698 942 715 per
953 694 1002 709 {idem

629 721 645 734 et
654 720 713 734 sanctas
723 718 793 734 caritatis
802 718 900 734 desiderium
910 723 927 734 se
936 718 959 734 illi
968 718 1003 734 uni-

629 748 651 761 re,
662 745 678 758 et
690 743 736 758 illum
750 745 803 759 mente
815 743 898 764 amplecti,
906 743 950 763 juxta
960 743 1002 763 quod

225 772 246 783 ree
254 767 357 783 beatitudinis
368 768 457 788 piissimam
468 767 599 788 praelibationem.
611 768 622 784 C
630 767 701 788 loquitur
710 767 808 788 Augustinus
817 772 821 783 1
829 767 884 786 Crede,
893 770 908 783 et
920 767 1001 783 manduca-

225 792 247 808 De
257 793 287 808 hoc
298 797 339 813 pane
350 792 389 808 dicit
399 792 484 813 Apostolus
493 792 536 808 :Nos
547 794 600 808 autem

225 817 294 833 revelata
302 817 342 832 facie
350 817 416 837 gloriam
425 817 488 833 Domini
496 817 602 837 contemplan-

225 844 254 860 tes,
263 842 279 857 in
288 842 360 857 eamdem
369 842 454 862 imaginem
463 841 600 857 transtormamur.

226 866 290 885 Quoties
299 871 342 887 ergo,
350 871 360 882 o
369 866 463 884 Christiane,
471 866 521 882 sentis
531 866 601 881 animam

225 893 270 906 tuem
282 891 387 911 spiritualiter
397 891 477 906 debilitari
489 893 504 906 et
515 890 602 906 refectione

227 916 298 936 indigere
310 915 377 934 interna,
386 916 436 931 Deum
447 915 504 936 cogita,
513 915 602 931 misericor-

226 940 269 956 diam
280 940 315 960 ojus
325 940 394 958 attende.
403 940 497 956 immensam
508 940 601 958 bonitatem,

227 965 341 986 perlectionem
350 967 366 980 et
372 965 438 985 gloriam
447 965 482 985 ejus
490 964 578 982 considera,
585 966 603 979 ut

227 990 270 1005 dicas
278 994 315 1005 cum
322 989 405 1010 Propheta,
411 989 434 1005 Ad
442 991 463 1007 te,
470 989 542 1008 Domine,
551 989 601 1004 levavi

227 1014 296 1030 animam
309 1018 370 1033 meam;
378 1016 426 1034 atque
437 1014 453 1029 in
465 1014 521 1029 borum
532 1016 603 1029 contem-

228 1038 297 1059 platione
308 1038 418 1054 inllammetur
428 1040 508 1054 cortuum
518 1043 572 1054 amore
581 1038 603 1054 in-

629 792 655 815 sti.
664 792 694 808 Sed
702 792 730 812 qui
739 792 755 807 in
764 792 825 808 mortali
834 794 858 807 est
865 792 918 813 eulpa,
926 792 955 808 hoc
962 797 1001 812 pane

630 821 695 837 prorsus
703 817 778 837 indignus
786 818 815 832 est.
823 817 872 835 Quem
882 817 937 837 ntique
946 821 1000 837 panem

630 841 741 861 dignissimum
750 841 806 857 fidelos
813 841 919 857 communiter
926 843 967 856 tanto
973 841 1001 856 ser-

630 866 693 881 ventius
708 866 782 886 cupiunt,
794 868 854 886 quanto
868 866 955 881 devotiores
966 870 1000 881 san-

630 890 720 911 ctioresque
731 890 796 906 luerint.

650 914 712 930 Tertius
720 914 771 935 panis,
780 916 803 930 est
812 919 856 930 saera
864 914 944 935 utriusque
951 914 1000 930 Testa-

631 939 680 954 menti
691 939 770 959 scriptura
780 939 811 954 :de
822 943 854 959 quo
865 939 881 954 in
895 938 999 954 Ecclesiastico

630 963 708 984 scriptum
719 965 749 981 est,
760 963 823 979 Cibabit
834 963 881 979 illum
893 968 932 984 pane
941 963 973 979 vioe
982 965 998 978 et
1010 968 1059 979 taen,

631 988 726 1003 intellectus.
739 988 768 1003 Hic
783 988 829 1008 panis
844 988 938 1004 mirabiliter
950 987 1014 1003 duleis*

631 1014 660 1030 est,
668 1014 716 1033 atque
726 1012 743 1027 in
753 1014 815 1028 tantum
824 1012 906 1028 bominem
915 1012 997 1028 studiosum

631 1037 704 1055 delectat,
712 1038 730 1052 ut
743 1037 790 1053 saciat
801 1042 838 1053 eum
849 1037 940 1058 frequenter
949 1041 998 1057 eorpw-

227 1063 357 1084 comparabiliter
366 1063 404 1079 boni
415 1065 431 1079 et
442 1062 602 1084 super-amabilissimi
611 1063 623 1079 D
631 1061 670 1077 ralia
679 1061 755 1077 alimenta
764 1066 853 1082 omnesque
862 1061 932 1077 camales
939 1061 999 1077 delicias

228 1088 262 1106 Dei,
275 1088 409 1108 quemadmodum
423 1088 500 1108 scriptum
513 1089 537 1103 est
549 1091 553 1102 :
565 1087 603 1103 Gon<

228 1112 277 1128 caluit
287 1117 314 1128 cor
326 1117 379 1128 meum
391 1112 432 1128 intra
444 1117 474 1130 me,
482 1114 498 1127 et
509 1112 525 1127 in
538 1112 603 1127 medita-

228 1137 271 1153 tione
283 1142 319 1153 men
331 1137 422 1153 exardescet
435 1136 481 1157 ignis.
489 1136 603 1152 Verumtamen

228 1162 250 1177 ita
258 1162 274 1177 in
282 1164 357 1182 promptu
365 1161 424 1177 habere
432 1161 536 1177 elevationem
545 1161 603 1176 mentis

227 1186 247 1202 ad
255 1186 305 1202 Deum
314 1191 342 1207 per
350 1186 500 1206 contemplationem
509 1187 525 1201 et
532 1185 603 1201 dileetio-

228 1216 265 1226 nem
275 1211 360 1229 sinceram,
369 1210 414 1231 panis
424 1212 449 1226 est
459 1210 573 1230 perfectorum,
581 1210 604 1225 di-

228 1237 273 1251 cente
285 1235 361 1256 Aposwio
372 1239 376 1250 z
387 1235 495 1250 Persectorum
508 1236 532 1250 est
543 1234 604 1250 solidus

228 1259 278 1278 cibus,
282 1260 310 1280 qui
318 1263 347 1280 pro
355 1259 469 1275 consuetudine
477 1259 571 1275 exercitatos
579 1259 604 1274 ha-

229 1284 267 1300 bent
274 1284 381 1300 sensusltiens
388 1284 448 1304 quippe
455 1284 525 1299 nondum
534 1285 604 1304 purgata,

229 1309 249 1325 ad
260 1308 410 1329 contemplationem
420 1313 451 1324 non
462 1310 513 1324 exstat
522 1308 603 1329 disposita.

230 1333 283 1351 Nihilo
294 1333 347 1349 minus
358 1333 446 1349 secundum
456 1333 527 1354 aliquem
537 1333 605 1353 gradum

631 1086 703 1102 fastidire
716 1091 735 1102 ae
748 1086 835 1107 aspernari.
848 1086 951 1105 Quamobrem
963 1086 998 1101 dicit

631 1111 736 1131 Hieronymus
749 1115 753 1126 τ
765 1111 805 1126 Ama
817 1111 869 1126 studia
881 1111 997 1131 Scriptum-nm,

631 1137 647 1151 et
654 1135 706 1151 carnis
715 1135 753 1151 vitia
761 1139 792 1151 non
801 1135 868 1151 amabis.
877 1135 958 1156 Apostolus
964 1139 998 1156 quo-

631 1164 662 1181 que
675 1160 727 1180 inquit
735 1164 739 1175 z
747 1160 854 1180 Quascumque
866 1160 925 1181 scripta
935 1162 973 1177 sunt,
979 1160 997 1175 ad
1003 1163 1027 1174 ι-
1034 1166 1045 1172 ιι
1052 1168 1056 1171 »

631 1186 701 1200 nostram
716 1184 805 1200 doctrinam
817 1184 877 1205 scripta
892 1187 933 1202 sunt,
946 1186 961 1200 ut
973 1189 997 1205 per

632 1209 724 1229 patientiam
733 1211 749 1224 et
755 1209 878 1224 consolationem
886 1209 997 1229 Scripturamm,

631 1238 676 1254 spem
690 1233 782 1249 habeamus*
795 1233 835 1249 Hine
848 1234 900 1254 primo
912 1233 997 1249 Mathabaeo

632 1263 667 1274 rum
677 1258 751 1274 Ionathas
762 1258 832 1278 loquitur·
841 1262 844 1273 ε
853 1258 884 1274 Nos
896 1258 939 1274 nullo
948 1258 996 1274 bonnm
1003 1260 1050 1272 man

633 1282 728 1303 indigemus.
737 1282 813 1298 habentes
823 1283 879 1298 solatio
887 1285 948 1299 sanctos
956 1278 1010 1298 libros*

632 1307 660 1328 qui
669 1307 685 1323 in
694 1307 768 1323 manibus
776 1307 834 1323 nostris
843 1309 885 1322 sunt.
896 1307 915 1323 Et
924 1307 957 1326 ism,
965 1307 997 1328 proh

633 1332 688 1348 dolor!
696 1336 744 1347 causa
751 1333 776 1347 est
783 1331 825 1352 quod
833 1331 879 1347 multi
888 1336 907 1347 ex
914 1332 955 1348 elem
963 1332 998 1349 etto>

974 1358 976 1365 ,
