1079 1569
9 250 50 261 Ιιιιιι.
53 253 75 262 ιιι.

298 129 373 141 ΜΙΙΝΙὨΛ
384 129 395 141 ΙΙ
404 129 489 141 Anvmus.
500 134 520 136 —
530 129 580 141 fimo
590 129 646 141 nmo!

841 122 861 139 Β

82 172 141 188 intrare
149 172 168 188 ad
176 172 231 191 vitam,
238 177 284 188 serva
291 172 370 188 mandute.
376 172 459 188 Secundus
466 172 479 187 Α
487 173 519 187 stra
532 171 593 187 servire
603 171 670 192 justitian
682 171 698 187 in
711 170 860 187 sanctificationem.

81 199 112 215 est,
124 197 209 213 observare
222 197 289 213 consilia
302 201 305 212 ε
318 197 361 217 quod
376 196 458 217 religiosos

82 221 168 240 concernit,
172 223 188 237 ct
194 221 240 237 valde
248 221 345 237 meritorium
352 223 407 239 exstat,
411 226 459 242 quum

83 246 125 261 dicat
136 246 213 265 Salvator,
222 246 251 265 Qui
262 246 346 266 reliquerit
356 248 421 267 propter
433 250 459 261 me

83 272 150 291 putrem,
158 273 186 286 aut
194 273 267 289 matrem,
275 272 303 286 aut
309 270 372 289 fratres,
378 273 415 289 ete„
423 275 459 286 een-

81 295 145 316 tuplurn
155 295 229 316 accipiet,
238 297 254 311 et
263 295 312 311 vitem
323 297 397 311 aeternam
408 294 458 315 possi-

81 319 130 335 debit⁴
135 320 198 335 Tertius
205 320 263 340 gradus
271 321 300 338 est,
306 320 340 335 sive
348 320 364 335 in
372 319 459 335 observati-
471 335 475 338 Δ

81 348 112 360 one
121 346 237 365 praeceptorum
245 344 279 360 sive
287 344 397 362 consiliorum,
406 344 458 359 fucere

81 373 130 389 opera
139 369 290 389 supererogationis,
298 369 374 384 videlicet
382 368 423 384 ultra
431 368 458 384 de-

81 393 134 409 bitum
146 393 233 414 peculiaria
242 393 332 409 devotionis
341 393 418 409 exercitia
428 393 458 409 vir-

81 420 167 438 tutumque
174 422 223 438 opera
231 418 321 438 peragendo
328 418 344 433 in
352 417 457 436 orationibus,

81 442 146 463 hymnis
158 444 174 458 et
187 442 258 463 psalmis,
270 442 287 458 in
299 442 430 458 meditationibus
442 444 458 458 et

507 196 523 212 Si
533 196 583 216 igitur
594 201 603 212 a
614 196 646 212 Deo
658 195 744 216 glorificari
757 197 774 211 et
787 195 861 211 bonoruri

486 222 566 241 optumus,
576 220 629 241 ipsum
644 221 660 236 in
671 220 747 236 omnibus
759 220 861 236 honoremus.

486 245 522 265 lpse
536 245 579 261 enirn
594 247 619 261 est
634 245 689 266 utique
704 245 774 265 primurn
788 249 806 260 ae
819 248 862 260 sum-

487 274 532 285 mum
549 269 648 288 honorabile,
663 269 760 290 fontalisque
777 273 825 285 causa
839 271 862 284 to-

486 294 518 310 tius
533 294 660 310 honorabilitatis
675 294 692 310 in
707 294 748 310 aliis.
764 294 801 310 Ideo
816 293 862 314 impii

486 321 529 338 sunt,
538 319 593 339 injusti
604 321 621 335 et
632 324 696 340 prorsus
706 319 783 339 perversi,
795 318 822 339 qui
835 318 862 334 ho-

486 344 537 359 mines
551 344 601 364 magis
612 344 696 362 honorant,
706 343 769 362 timent,
780 343 863 359 intuentur

486 370 502 384 et
514 370 575 386 curant,
587 373 636 388 quum
646 368 705 388 ipsum.
715 368 751 388 Ipse
763 372 833 388 nemque
846 367 862 383 in

486 392 568 408 infinitum
575 392 683 408 honorabilior
690 394 715 408 est
723 392 802 408 universis
809 394 825 407 et
833 392 863 407 sin-

485 417 532 437 gulis.
542 417 585 432 Unde
596 417 613 432 in
623 417 664 432 libro
675 417 735 437 Regum
747 416 806 432 fatetur
814 421 818 432 z
826 416 862 434 Oui·
883 421 937 435 ιιιιμι,

485 446 555 462 cumque
562 441 677 461 glorificet-erit
684 436 810 461 me,gloi·ifica.bo
818 445 862 460 eum3
870 438 887 448 ’⁰'

81 467 239 487 compunctionibus,
252 467 268 482 in
283 466 348 487 vigiliis,
360 466 427 487 jejuniis
441 469 457 482 et
464 467 476 483 B
486 466 514 486 qui
524 468 578 481 autem
589 467 694 481 contemnunt
705 470 736 484 me,
744 467 791 481 erunt
802 465 863 486 ignobi-

81 491 178 512 disciplinis,
186 493 202 507 et
212 493 271 507 sanotae
281 491 351 507 ceritatis
358 491 444 507 affectibus
453 496 456 507 :

42 524 53 533 ι,
72 515 158 536 vquoniam
173 516 245 531 Christus
258 517 331 534 testetur,
343 516 458 536 Quodcumque

8 1283 31 1293 nom
39 1283 73 1294 vum.

82 540 227 561 supererogaveris,
240 544 270 561 ego
283 545 333 561 quum
346 544 410 558 venero,
423 540 458 556 red-

82 565 118 580 dam
126 565 161 580 tibi.
170 565 238 583 Quartus
247 565 305 585 gradus
314 566 343 583 est,
351 564 389 580 totis
396 564 458 580 viribus

81 592 130 610 utque
142 589 234 610 precordiis
246 594 263 605 se
276 589 329 610 ipsum
341 589 426 605 extendere
438 589 458 605 ad

82 614 110 630 Dei
121 614 223 634 obsequium,
232 615 250 629 ut
259 615 336 635 qunntum
348 613 425 634 possibile
435 613 459 629 fu-

81 638 112 654 erit
124 638 207 659 fragilitati
219 638 298 656 humenae,
309 640 369 659 satagat
381 638 429 654 homo
441 638 458 654 in

81 663 125 679 omni
136 663 171 678 loco
180 665 196 678 et
206 665 278 683 tempore
288 663 320 679 neo
329 663 413 679 actualiter
423 668 458 679 esse

82 687 142 705 unitus,
155 689 171 703 et
183 687 303 708 operationibus
316 688 394 703 virtutum
407 688 458 703 inten-

81 714 107 728 tus
121 716 125 727 z
140 714 157 727 ut
172 716 236 732 semper
250 712 270 727 sit
286 714 338 728 mente
353 712 424 728 elevatus
438 712 458 728 ad

81 736 173 755 Dominum,
182 738 198 752 et
207 736 255 752 eorde
264 736 360 757 adspiciens,
368 736 457 757 alloquens,

487 491 514 506 les.
527 490 645 506 Erubescemus
660 495 697 511 ergo
712 491 728 506 in
743 490 771 506 Dei
786 490 862 511 adspectu

486 515 539 531 viliter
552 519 580 531 nos
592 515 657 533 habere,
669 515 737 536 turpiter
748 519 801 535 agere,
813 515 862 535 impie

486 540 583 558 conversari,
595 539 638 555 fatue
652 539 700 560 loqui.
714 539 800 555 Unanimes
812 539 863 555 simus

486 564 503 580 in
516 564 560 580 omni
574 569 622 585 opere
635 564 683 583 bono,
696 566 713 580 ut
726 564 784 585 angeli,
798 564 814 580 in
827 564 862 585 qui-

486 588 516 604 bus
524 589 567 605 Deus
577 588 663 609 perfectam
675 589 817 609 inviolabilemque
825 588 863 604 facit
870 593 890 604 m
895 593 935 606 nm.

486 613 594 632 eonoordiam,
609 613 708 629 delectentur
722 618 758 629 esse
772 613 861 629 nobiseum.

486 638 559 653 Universi
570 638 613 653 enim
626 637 663 653 boni
674 637 760 654 Christiani
772 639 810 653 sunt
820 642 863 653 unus

486 662 566 678 exercitus
580 662 614 681 Dei,
627 662 646 678 ad
661 667 709 683 quem
725 662 794 683 pertinet
808 664 863 678 contra

486 687 582 703 tentationes
600 687 696 704 damonum.
712 687 764 702 aciem
780 687 862 705 vitiorum,

487 711 599 732 perversitates
613 711 705 732 impiorum,
716 711 776 732 jugiter
788 711 862 732 praeliari.

486 736 547 752 Idcirco
555 740 617 751 summe
625 736 718 756 requiritur,
724 738 741 751 ut
748 736 790 751 inter
797 740 814 751 se
822 735 863 751 bene

80 761 149 781 diligens
161 761 221 780 Deum;
231 761 286 781 sicque
297 766 314 777 se
325 761 378 781 ipsum
388 761 458 777 totaliter
468 760 478 776 C
487 760 571 776 unanimes
581 760 618 778 sint,
627 762 643 776 et
650 765 667 776 se
675 762 732 776 mutuo
740 760 797 780 juvent
806 760 825 776 ed
836 760 863 776 ho-

81 783 139 801 offerat
151 785 183 801 Deo
196 786 212 801 in
227 785 343 804 holocaustum,
356 786 392 806 ejus
406 786 457 801 cultui

80 810 153 831 plenarie
163 810 232 828 deditus,
240 812 257 826 et
266 809 337 826 interiori
349 810 426 826 custodies
435 810 458 826 vi·

79 834 186 855 gilmtissime
199 839 257 850 vacans
271 840 292 850 ne
307 835 357 851 Deum
372 835 388 851 in
403 835 457 855 aliquo

80 864 149 880 usquam
159 859 236 878 offendat,
245 861 261 875 et
270 859 371 880 quotidianas
382 859 457 880 levesque

80 884 136 904 culpas
144 884 254 899 indesinenter
260 884 335 904 deterget
339 884 382 900 istud
388 884 408 899 ad
415 884 457 900 viros

80 908 179 926 heroicos,id
187 910 211 924 est
218 908 281 924 divinos
289 908 406 929 perfectosque,
411 908 458 929 perti-

80 934 114 950 net,
123 932 139 948 in
147 937 216 953 quorum
224 937 292 953 persona
301 934 365 948 sanctus
373 933 395 948 ait
403 933 458 949 Hilari-

81 962 100 973 us
111 962 115 973 :
125 957 158 973 Hoc
169 957 201 973 Deo
210 957 311 977 potissimum
323 957 379 976 debeo,
388 960 405 973 ut
415 957 457 973 sicut

80 981 160 1002 quidquid
167 986 203 997 sum
211 984 227 997 et
235 981 286 998 habeo
293 982 313 997 ab
322 982 356 1003 ipso
366 982 427 1003 accepi,
436 982 457 998 ito

80 1008 132 1022 toturn
143 1006 159 1022 id
170 1006 187 1021 in
198 1006 234 1026 ejus
244 1006 288 1022 cultu
298 1006 393 1027 expendam,
404 1009 458 1027 quate-

80 1036 112 1046 nus
120 1036 170 1049 mens,
176 1035 301 1051 sensus,eorpus
309 1033 325 1047 et
332 1031 386 1047 anima
393 1033 457 1052 totaque

486 790 506 800 na
521 785 587 805 agenda,
599 785 619 800 ad
634 785 675 801 mala
687 785 756 803 vitanda,
769 785 789 801 ad
804 790 863 806 prava-

486 809 551 825 lcndum
564 809 663 825 daemonibus
674 811 690 825 et
701 809 775 830 peccatis.
786 810 836 830 igitur
846 814 863 825 se

486 834 555 850 invicem
569 834 628 850 debent
639 834 704 852 box-usi,
716 834 802 855 corripere,
815 834 863 850 infor-

486 863 535 877 mare,
544 858 636 877 accendere,
645 861 661 874 et
670 863 715 874 orare
725 863 755 880 pro
765 859 834 875 invicem
846 861 864 874 ut

486 883 572 899 salventur.

506 907 592 926 Postremo,
606 907 660 923 nullus
673 907 778 926 Christianus,
789 908 863 928 quamvis

486 932 587 952 conjugatus,
596 932 617 948 ita
628 937 645 948 se
656 934 719 953 reputet
729 932 745 948 in
757 932 863 948 exterioribus

486 959 587 977 occupatum,
593 959 611 972 ut
618 957 686 972 «estimet
693 962 710 973 se
718 961 750 972 non
758 961 804 977 posse
812 957 863 973 Deum

486 981 540 1002 aliquo
552 981 665 1002 praediotorum
679 981 757 997 honorare
773 982 862 1000 modorum,

486 1011 536 1026 quum
548 1006 594 1021 multi
604 1006 712 1026 potentissimi
723 1011 768 1026 reges
778 1011 796 1022 ac
805 1006 863 1027 princi-

486 1035 514 1051 pes
529 1031 546 1046 in
558 1030 608 1046 veteri
623 1035 642 1046 ue
657 1035 698 1046 novo
710 1031 811 1046 Testamenta
826 1031 863 1047 totis

80 1055 114 1071 vita
122 1060 157 1071 mea
165 1055 217 1076 ipsum
226 1055 311 1076 loquantur
318 1058 366 1076 atque
374 1056 456 1072 honor-ent⁴
466 1056 478 1072 D
487 1055 577 1076 praecordiis
584 1055 685 1071 devotissime
693 1055 804 1071 honoraverint
809 1055 862 1071 Deum.

102 1080 172 1100 Singulis
182 1084 220 1100 ergo
231 1080 302 1100 corporis
314 1080 390 1096 membris
400 1082 416 1096 et
424 1081 458 1096 ani-

81 1109 112 1120 mae
124 1104 186 1120 viribus
199 1105 249 1120 Deum
262 1105 393 1123 honorificemus,
404 1105 458 1121 omnia

80 1133 131 1150 open
142 1131 196 1145 nostra
211 1129 299 1145 seeundum
312 1130 340 1145 Dei
352 1132 431 1150 pnecepta
442 1132 458 1146 et

80 1154 178 1170 documenta
185 1154 205 1169 ad
213 1154 248 1174 ejus
257 1154 324 1174 gloriam
335 1154 427 1175 regulando,
435 1155 458 1171 in-

81 1178 148 1194 terim-os
159 1180 175 1194 et
185 1179 272 1194 exteriores
281 1184 337 1195 seusus
347 1179 457 1198 custodiendo,

81 1203 138 1219 illicita
150 1203 199 1219 verbu
212 1203 281 1222 vitando,
297 1203 338 1219 bona
352 1206 369 1219 et
383 1204 458 1220 salutaria

81 1227 184 1248 proferendo,
192 1227 212 1243 ab
222 1228 266 1243 omni
277 1233 325 1249 pravo
337 1228 432 1249 cogitatione
442 1231 458 1244 et

81 1252 140 1268 vitiosa
147 1252 232 1268 effectione
241 1252 305 1273 penitus
312 1252 411 1269 abstinendo⁴
418 1252 457 1269 Hine

81 1282 152 1298 qumque
163 1277 185 1292 ait
196 1277 280 1297 Apostolus
291 1282 295 1293 Ζ
305 1277 350 1293 Sicut
361 1278 457 1293 exhibuistis

83 1301 156 1317 membra
166 1303 219 1317 vestra
231 1302 291 1317 servire
304 1302 384 1323 iniquitati
396 1303 416 1318 ad
428 1303 457 1318 ini-

82 1326 166 1347 quitatem,
175 1326 197 1341 it·
207 1330 250 1342 nune
260 1326 334 1342 exhibete
347 1327 420 1343 membra
431 1332 457 1343 ve-

486 1080 530 1096 L'nde
537 1080 557 1096 de
565 1080 621 1096 Carolo
628 1085 665 1100 rege
674 1080 738 1100 legitur,
746 1080 789 1100 quod
799 1080 863 1100 quando

486 1104 548 1125 quievit
557 1109 566 1120 a
577 1104 641 1125 praeliis,
650 1104 722 1125 quotidie
731 1104 803 1120 visitavit
812 1105 863 1120 eecle-

486 1129 532 1147 siam,
545 1131 561 1145 et
572 1129 648 1145 omnibus
660 1129 703 1145 horis
715 1129 802 1148 canonicis.
814 1129 862 1145 etiam

486 1154 572 1172 Matutinis,
586 1154 664 1171 interfuit.
677 1156 693 1169 et
706 1156 764 1169 cuncta
776 1159 812 1175 qum
824 1154 863 1170 fecit

485 1179 505 1194 ad
513 1179 541 1194 Dei
549 1178 615 1199 gloriam
623 1178 707 1194 ordinavit.
716 1179 815 1194 Nobilissimi
824 1184 863 1199 quo-

486 1208 517 1224 que
525 1203 591 1224 palatini
599 1203 655 1224 ipsius,
664 1203 749 1222 Rolandus,
757 1203 836 1222 Oliverus,
844 1208 863 1219 ac

486 1228 541 1246 ceteri,
556 1230 588 1243 tam
603 1228 656 1244 devoti
671 1232 689 1243 ac
705 1228 774 1244 timorati
790 1228 862 1246 fuerunt,

486 1252 527 1273 quod
536 1252 562 1268 dic
570 1252 613 1268 omni
623 1252 709 1271 dominica,
718 1252 818 1268 confessione
829 1258 863 1273 per-

485 1279 525 1295 acte,
532 1277 696 1293 communicaverunt.
703 1278 770 1298 lnsuper
778 1278 836 1298 legitur
843 1278 863 1293 de

486 1302 555 1323 quodam
567 1302 638 1317 virtuoso
648 1302 709 1322 Anglim
720 1307 762 1322 rege,
771 1303 813 1323 quod
824 1307 862 1323 quo-

486 1327 525 1343 tidie
536 1326 590 1343 divisit
603 1326 649 1342 horas
661 1326 692 1342 diei
704 1326 721 1342 in
731 1328 763 1342 tres
774 1329 832 1348 partes,
841 1327 863 1343 ita
