1079 1569
27 267 68 279 „vam
72 271 94 281 m..

312 122 386 134 nommca
398 123 402 134 Ι
413 122 498 133 ADVBNT'JS.
508 126 528 129 —
540 122 589 134 581110
599 123 668 137 QUARTUS

861 117 881 134 23

101 165 202 186 prophetam,
211 165 302 181 Secundum
311 167 336 181 est
345 165 420 186 aliqualis
427 165 478 181 deter—
485 165 498 181 Α
506 165 576 181 muniter
589 166 632 181 enim
646 166 702 182 dicunt
716 166 794 184 doctores,
806 166 848 186 qued
861 166 881 181 ad

101 189 169 205 minatio
184 190 266 211 temporis,
281 190 356 211 quoniam
372 192 408 206 ante
422 195 478 206 secun-

101 214 140 230 dum
151 214 209 230 Christi
219 215 306 230 adventum
317 220 345 231 seu
355 217 392 230 ante
401 215 444 231 diem
453 215 478 235 ju-

102 239 140 255 dicii
148 239 206 255 veniet.
215 239 290 258 Quamvis
298 239 347 258 enim,
356 241 374 255 ut
381 239 453 255 Christus
461 239 477 255 in

102 264 189 284 Evengelio
198 264 267 283 edocuit,
275 264 310 280 dies
319 264 376 285 judicii
386 264 407 280 sit
417 264 477 284 angelis

101 288 227 309 hominibusque
241 289 310 309 ignotus,
322 289 376 309 aliqua
391 291 444 305 tamen
457 289 477 304 si-

101 318 133 333 gna
140 313 194 334 ipsum
202 313 298 334 procedent,
306 318 325 329 ex
333 318 402 334 quorum
410 318 477 334 praesen-

101 338 124 353 tia
135 338 224 354 innotescet
235 338 346 359 propinquitas
356 338 423 354 extremi
435 338 477 358 judi-

101 362 128 378 ciii
140 362 170 378 Sed
181 362 219 383 quia
231 363 310 378 incertum
322 365 346 378 est
358 363 422 383 quando
432 363 477 383 signa

102 387 130 402 illa
141 387 206 403 evenire
219 387 302 408 incipient,
313 387 333 403 de
346 387 427 408 aliquibus
439 391 477 407 quo-

102 416 133 432 que
141 411 191 432 signis
200 411 231 427 illis
242 412 320 427 incertum
331 414 355 427 est
365 411 442 432 quamdiu
449 412 478 427 du-

102 436 171 456 rabunt;
179 438 263 457 propterea
270 436 304 452 dies
311 436 368 456 judicii
379 441 416 452 vere
426 436 477 452 incer-

505 190 635 210 praedicationem
651 190 704 206 Enoch
719 192 767 211 atquc
782 190 819 206 Elim
831 190 881 206 Judmi

505 216 544 230 tunc
552 216 670 233 convertentur,
678 215 772 231 Antichristi
779 215 847 231 falsitate
855 215 881 230 de-

505 241 552 255 tecta.
560 239 600 255 Nam
607 241 623 255 et
630 240 702 255 Christus
712 240 729 255 in
737 240 822 260 Evangelio
832 239 882 260 loqui-

505 265 532 279 tur
540 268 544 279 z
553 264 594 280 Elias
604 269 654 284 quum
664 264 731 283 venerit,
740 264 813 280 restituet
821 264 880 280 omnio,
893 268 931 280 um,
941 271 954 281 n.

505 288 589 304 malachias
596 293 661 309 quoque
668 289 746 310 propheta
753 289 831 310 prmdixit,
838 289 881 309 quod
889 285 905 295 '¹'

506 313 548 329 Elias
556 315 638 329 convertet
645 318 672 329 cor
679 316 743 334 patrum
750 314 770 329 ad
778 313 847 332 filios,et
854 318 882 329 cor
888 317 955 331 umam.

505 337 578 353 filiorum
589 338 609 354 ad
622 340 674 358 patres
683 343 687 354 τ
695 343 724 359 per
736 338 779 359 quod
791 338 882 354 insinuetur
888 335 899 345 ⁰·

505 362 588 378 conversio
595 363 691 381 Judaeorum,
697 367 726 383 per
733 367 782 383 quam
789 363 848 378 sanctis
855 363 882 379 Pa-

505 387 579 403 triarchis
594 387 745 403 reconciliabuntur.
758 387 811 403 Nihilo
828 388 881 403 minus

505 411 561 427 dicunt
569 411 646 430 doctores,
655 412 697 432 quod
708 416 747 432 gena
754 412 844 428 Judaeorum
851 412 882 428 An·

505 436 578 451 tichristo
592 436 687 452 familiarius
701 439 718 452 et
732 436 842 457 copiosissime
856 437 882 452 ad-

101 462 127 476 tus
142 460 223 476 asseritur.
240 460 318 476 Omnibus
332 465 370 476 vcro
386 460 424 476 hinc
440 461 477 476 inde
486 460 577 476 Bhaerebit,
589 460 633 476 Unde
645 461 709 476 videtur
720 461 762 481 quod
775 461 882 477 Antichristus

102 485 178 505 pensatis,
191 485 255 501 videtur
267 485 334 501 difficile
347 485 433 506 explanare
445 490 477 506 quo

101 509 157 525 ordine
169 510 234 525 venient
245 510 317 530 quaedam
327 514 383 526 eorum
393 514 429 530 qum
439 512 477 525 tunc

102 536 169 550 ventura
180 534 272 550 creduntur.

129 558 201 579 Denique
218 559 233 574 Si
249 558 347 579 Augustinus
364 559 441 574 vicesimo
459 559 477 574 li-

101 583 131 599 hro
145 583 165 599 de
179 583 246 599 Civitate
259 583 292 601 Dei,
307 583 378 604 capitulo
390 583 477 602 tricesimo,

101 608 123 623 ait
134 612 138 623 z
149 608 166 623 In
179 610 252 623 extremo
263 608 324 628 judicio
336 608 362 623 vel
376 608 419 623 circa
431 608 477 626 illud,

101 632 130 648 has
142 637 167 648 res
182 632 263 648 oredimus
275 637 310 648 ease
322 634 397 648 venturas
409 637 413 648 ι
427 632 477 648 Eliam

101 656 193 675 Thesbiten,
202 656 251 672 fidem
258 656 355 675 Judaeorum,
362 657 477 672 Antichristum

101 681 312 702 persecuturum,Christum
319 681 478 701 judicaturummor-

102 708 166 722 tuorum
181 706 321 724 resurrectionem,
337 705 415 721 bonorum
430 706 478 722 malo-

102 735 170 751 rumque
184 730 335 748 remunerationem,
349 730 405 746 rnundi
418 730 477 746 confla—

505 487 583 501 venturus
590 490 608 501 ac
617 485 731 506 praedienturus
739 486 759 501 sit
766 487 803 501 ante
811 485 849 501 Elim
856 485 882 501 ad-

505 511 571 525 ventum
585 514 589 525 2
602 509 648 525 aliter
659 510 708 526 Judaei
722 514 753 526 non
766 510 849 526 crederent
860 510 881 529 ei,

505 534 533 550 ced
541 534 584 550 Eliie.
593 534 623 550 Sed
634 536 688 550 contra
697 534 728 550 hoc
736 539 791 550 rursus
799 534 881 555 objicitur,

505 559 544 579 quia
551 559 607 574 dicunt
614 559 686 574 doctores
694 559 736 579 quod
744 559 838 575 Antichristi
847 564 882 580 per-

505 583 566 599 secutio
574 583 661 604 improvise
669 586 743 604 erumpet
751 588 754 599 :
763 584 806 604 quod
814 583 883 604 qualiter

505 612 561 623 verum
569 609 598 626 est,
603 608 616 623 si
625 608 667 624 Elias
674 608 790 624 Antichristum
798 608 881 629 pmcedet,

505 633 521 648 et
531 632 567 652 ejus
579 632 709 653 predicationem
722 637 740 648 ac
753 633 881 653 persecutionem

505 656 619 677 praenuntiabit
627 657 633 672 2
648 657 675 673 Est
690 657 744 677 itaque
760 657 882 676 advertendum,

505 681 548 701 quod
558 681 623 702 llaymo,
634 681 681 699 Beda,
689 681 769 700 Albertus,
779 681 853 697 Nieolaus
863 682 883 697 de

505 705 560 724 Gerra,
575 708 637 726 ponunt
651 706 733 726 duplicem
747 706 841 722 Antichristi
855 706 882 722 ad<

505 732 571 746 ventum
580 730 662 751 :primum
675 730 762 749 occultum,
771 731 798 751 qui
811 732 835 746 est
847 731 882 751 ejus

101 755 191 776 grationem
198 755 304 775 ejusdemque
312 755 477 773 renovationem.0uae
486 755 497 771 C
505 754 580 770 nativitas
587 757 604 770 et
610 755 647 771 vitea
657 760 690 771 suoe
700 759 790 776 processus,
798 760 882 776 quousque

101 780 155 796 omnia
167 781 235 795 ventura
247 784 282 795 csse
294 779 392 795 credendum
405 781 439 799 est3
449 780 477 796 sed

102 804 161 825 quibus
171 804 223 820 modis
233 806 249 820 et
258 808 290 825 quo
300 804 356 820 ordine
366 804 436 823 venient,
446 809 478 820 ma<

101 829 126 850 gis
134 831 172 844 tunc
180 828 244 844 docebit
252 833 305 844 rerum
315 829 419 849 experientia,
428 834 476 849 quam

102 858 145 870 nunc
152 853 172 869 ad
181 853 270 874 perfectum
278 853 363 869 hominum
372 853 477 874 intelligentia

101 878 179 899 consequi
191 878 238 893 valet.
252 878 329 893 Existimo
343 880 397 893 tamen
412 882 431 894 eo
445 883 477 898 quo

100 908 110 919 a
118 907 144 918 me
151 904 275 918 commemorata
285 904 322 918 sunt
331 902 387 918 ordine
397 907 432 918 esse
439 907 477 918 ven-

101 929 141 943 tura*
151 927 173 942 Ex
181 927 238 942 horum
246 929 301 942 tenore
309 926 394 942 verborum
404 927 476 947 patescit,

101 952 144 972 quod
152 951 251 972 Augustinus
260 951 293 967 haec
304 951 343 967 dicit
350 951 437 972 opinative,
445 956 476 967 non

101 976 183 994 assertive,
196 975 248 996 quoad
263 976 335 991 ordinem
349 975 444 991 fiendorum.
458 976 477 991 Et

101 1001 131 1016 hoc
139 1000 188 1016 etiam
195 1000 218 1016 ait
225 1000 293 1016 Thomas
301 1005 349 1020 super
357 1002 431 1021 quartum
440 1000 477 1016 Sen-

101 1025 194 1043 tentiarum,
203 1024 272 1045 probans
282 1024 342 1040 ibidem
353 1029 373 1040 cx
384 1025 476 1045 Scripturis,

505 779 572 800 incipiet
583 779 663 796 Christum
675 782 730 801 aperte
742 780 853 801 blasphemare
865 782 882 796 et

505 804 593 820 Ecclesiam
606 805 691 825 persequi3
704 806 720 820 et
732 804 773 820 hanc
785 805 882 825 persecutio-

505 833 548 847 nem,
561 829 691 849 praedicationem
705 831 722 845 et
737 829 881 845 manifestationem

504 853 598 869 Antichristi
611 853 693 874 appellant
707 853 795 869 secundum
809 854 844 874 ejus
856 854 883 870 ad-

505 879 576 893 ventum,
585 878 605 893 Et
612 878 683 893 sentiunt
690 878 746 899 aliqui,
753 878 796 898 quod
804 878 846 894 inter
853 878 882 894 hos

504 903 544 918 duos
552 902 646 918 Antichristi
656 902 733 918 adventus
741 903 806 918 venient
817 902 858 918 Elias
866 905 883 919 et

505 927 565 945 Enoch,
578 929 594 942 et
606 929 661 943 contra
672 927 766 943 Antichristi
781 931 818 943 mox
831 927 882 943 futuri

504 951 575 967 fallacias
591 951 711 972 praedicabunt3
727 951 760 967 imu
775 956 804 972 por
818 953 881 972 tempus

505 976 547 991 Elias
562 980 599 991 cum
614 975 674 994 Enoch,
689 977 705 991 et
719 975 827 991 Antichristus
843 980 880 992 cum

504 1000 542 1018 suis,
547 1002 601 1016 eontra
609 1005 625 1016 se
634 1000 701 1015 invicem
708 1000 843 1021 praedioahuutet
850 1002 882 1016 tan-

504 1025 541 1040 dem
551 1025 618 1041 Domino
629 1025 737 1045 permittente,
746 1025 788 1040 Elias
799 1027 815 1041 et
826 1025 880 1041 Enoch

101 1049 144 1070 quod
152 1049 182 1065 ista
192 1054 223 1065 non
233 1049 299 1065 venient
308 1049 364 1065 ordine
374 1049 394 1065 ah
403 1049 477 1070 Augusti·
485 1050 497 1066 D
504 1049 524 1065 ab
531 1049 629 1065 Antichristo
636 1049 735 1069 occidentur3
742 1050 881 1070 pcstmodum,An-

102 1079 122 1090 no
131 1076 206 1095 praetacto
215 1078 218 1089 ι
226 1074 306 1094 siquidem
316 1074 421 1094 conflagratio
431 1079 476 1090 mun-

101 1099 117 1115 di
125 1103 154 1119 per
162 1099 215 1119 ignem
224 1099 302 1119 praecedet
308 1098 388 1119 judicium
399 1100 476 1119 quantum

101 1123 121 1139 ad
136 1123 245 1144 inceptionem
260 1123 303 1139 illius
319 1123 370 1143 ignis;
383 1125 398 1139 et
410 1123 477 1139 durante

101 1148 168 1169 judicio,
177 1147 226 1163 stabit
234 1148 304 1163 mundus
312 1148 328 1163 in
337 1148 364 1163 illo
373 1148 414 1168 igne,
423 1153 477 1168 quern-

101 1173 188 1188 admodum
197 1173 213 1188 in
221 1173 282 1188 Psalmo
290 1172 373 1188 evidenter
383 1173 477 1193 praedictum

51 1205 80 1214 mx,
92 1210 95 1213 ⁴
102 1200 126 1213 est
134 1202 138 1213 :
147 1197 189 1218 Ignis
196 1199 233 1213 ante
241 1197 294 1218 ipsum
301 1197 386 1217 praecedet,
391 1199 408 1213 et
415 1197 477 1213 inflam-

24 1252 46 1263 μ’.
51 1255 80 1265 mx.
84 1253 94 1263 ι

103 1222 153 1238 mabit
161 1222 178 1238 in
186 1222 254 1238 circuitu
262 1222 336 1237 inimicos
346 1222 381 1242 ejus
388 1226 392 1242 ;
400 1222 477 1242 itemque,

102 1247 145 1267 lgnis
156 1247 172 1262 in
184 1248 270 1267 conspectu
281 1246 317 1266 ejus
328 1246 425 1265 exardescet,
436 1248 452 1262 et
462 1246 477 1262 in

103 1271 172 1287 circuitu
183 1271 218 1291 ejus
230 1273 316 1291 tempestas
327 1271 383 1286 valida.

123 1296 190 1317 insuper
200 1295 288 1311 difficultas
296 1295 359 1311 videtur
369 1295 449 1316 praecipua
458 1295 478 1311 de

102 1321 158 1337 ordine
168 1321 246 1336 adventus
256 1320 294 1336 Elia)
303 1322 319 1335 et
327 1320 425 1335 Antichristi.
434 1320 479 1336 Corn-

504 1074 577 1090 tichristo
585 1074 637 1090 occiso
647 1076 663 1090 ct
673 1074 708 1094 ejus
717 1073 786 1090 falsitate
796 1074 880 1095 patefacta,

504 1103 560 1114 omnes
570 1099 618 1114 1uda³i
630 1100 743 1114 convertentur
753 1098 772 1114 ad
784 1098 869 1115 Christum.

524 1123 577 1141 Porro,
584 1123 630 1143 juxta
640 1123 728 1139 doctrinam
738 1123 809 1144 Apostoli
821 1123 837 1139 in
848 1124 881 1144 epi-

504 1148 544 1163 stola
551 1148 570 1163 ad
578 1147 840 1166 Thessalonicenses,Antichristus
848 1152 880 1164 non

504 1172 563 1190 veniet,
572 1172 602 1188 nisi
613 1172 689 1188 discessio
699 1172 761 1188 venerit
770 1173 821 1193 prius,
830 1173 845 1189 id
856 1175 880 1189 est
887 1177 953 1191 tineam,

504 1201 577 1212 recessus
586 1197 678 1218 principum
688 1197 708 1212 ah
715 1196 806 1213 ohedientia
814 1197 879 1213 Romani
887 1195 897 1204 ¹*

505 1221 574 1242 imperii,
582 1221 607 1237 vel
616 1221 736 1242 particula-rium
744 1221 851 1237 Ecclesiarmn
859 1222 879 1237 ab

504 1245 595 1261 obedientia
602 1246 693 1266 apostolicis
700 1245 750 1261 Sedis.
759 1246 778 1261 Et
785 1248 824 1262 tuno
832 1247 880 1262 maxi*

506 1275 531 1286 me
538 1270 626 1286 abundabit
634 1270 715 1291 iniquitas,
722 1270 814 1291 patebitquo
822 1271 848 1287 via
854 1271 880 1287 ad-

506 1295 560 1311 ventui
572 1295 670 1311 Antichristi.
684 1295 712 1313 Qui
727 1300 778 1315 quum
793 1295 809 1311 in
824 1296 880 1316 primis

505 1320 567 1341 aliquos
575 1320 605 1335 sibi
613 1320 700 1338 attraxerit,
709 1319 776 1340 incipiet
783 1320 832 1336 fidem
840 1320 880 1336 chri-
