1079 1569
237 128 268 144 3¹8

452 133 527 145 nonnum
537 133 642 145 Sfflflsssffll-
653 137 673 140 ’-
683 133 733 145 Sfflss
744 133 799 145 Plulws

237 175 298 191 nullam
306 175 380 191 volumus
388 176 449 196 perpeti
457 176 567 191 laesionemAEt
574 176 613 197 quid
620 175 633 192 A
641 175 720 191 ullatenus
734 176 834 191 inducamus.
846 176 880 191 lmo
893 176 945 197 potins
956 180 1000 192 omnen

237 200 279 219 dico,
293 200 380 218 lmsionem,
393 200 420 221 qui
436 205 465 216 nec
480 205 530 216 unum
545 200 613 216 verbum

237 225 364 244 irrisorium,aut
371 225 522 243 detractorium,seu
530 225 613 241 forefacto«

237 250 279 265 rium
288 249 362 265 volumus
373 249 411 270 pati,
420 249 447 265 sed
458 254 494 265 mox
505 250 612 270 indignamur,

237 274 348 292 amaricamur,
357 274 418 295 impetu
427 274 459 292 irae,
468 274 522 290 furore
529 274 613 295 impatien*

237 298 263 314 tim
275 299 359 319 agitamur,
370 298 488 319 displicentiam
501 299 613 314 invidentiam-

237 328 269 344 que
278 323 379 344 concipimus
389 325 404 339 et
414 323 433 339 de
442 323 468 339 die
479 323 496 339 in
506 323 549 339 diem
560 325 613 339 mente

238 348 326 364 miserabili
336 352 354 363 ao
365 350 423 364 caecata
434 350 521 368 portamus,
530 353 580 369 quum
591 350 613 364 ta-

237 377 274 388 men
287 372 337 388 simus
348 372 392 388 vitiis
404 372 454 393 ploni,
464 377 494 388 nec
506 372 558 388 solum
569 372 613 388 omni

237 397 321 418 temporali
331 397 442 418 persecutione
449 402 467 413 ac
476 402 523 418 poena
532 397 612 418 condigni,

237 422 265 438 sed
276 424 335 438 aeterna
347 426 411 442 quoque
424 422 524 437 damnatione
537 423 553 437 et
565 422 613 438 infer-

237 446 301 462 nalibus
309 446 361 467 poenis
369 446 470 467 dignissimi?
478 446 507 462 Ubi
515 451 553 467 ergo
561 451 613 462 mane<

640 200 720 216 aedificare
733 200 803 216 nitamur
814 205 817 216 :
828 205 858 216 nec
871 200 901 216 hoc
913 200 969 220 solum
979 201 999 216 sed

640 225 654 240 si
665 225 758 246 quempiam
769 225 903 241 scandalizantem
913 227 939 240 aut
948 225 1000 241 mauda-

641 249 705 265 lizatum
716 249 810 268 viderimus,
819 249 855 270 igne
866 249 935 265 caritatis
945 251 960 265 et
968 254 1001 265 eom-

641 274 719 295 passionis
731 279 801 292 uramur,
811 276 828 290 et
838 278 867 295 pro
878 274 975 295 peccantibus
984 279 1002 290 ta-

641 299 703 314 ritative
714 303 783 314 cremus.

660 323 734 344 Amplius
745 328 764 339 ex
773 323 841 344 epistola
850 323 879 339 bac
892 323 1001 339 immensitatem

641 348 699 363 divinae
708 348 821 364 misericordiae
830 348 930 364 considerare
936 348 1001 366 valemus,

641 372 674 388 imo
686 372 740 388 mirari
753 374 769 388 et
780 372 853 388 ardenter
867 377 920 388 amare.
932 372 1001 391 debemus,

641 399 688 418 atque
698 397 750 413 eidem
763 397 780 413 in
790 397 865 413 omnibus
876 397 960 418 regratiari.
970 397 1001 413 Ecce

641 422 684 437 enim
693 422 731 437 dum
738 422 796 438 Paulus
805 422 857 438 adhuc
866 424 908 438 esset
916 422 1000 441 incredulus,
1010 429 1023 438 n
1029 431 1043 439 a«.

641 448 657 462 et
664 446 790 462 Christianorum
799 447 908 462 atrocissimus
916 444 1028 467 persecutos-‚¹¹³⁸

237 471 297 489 bimus,
308 471 335 492 qui
347 471 398 487 Deum
408 471 516 491 justissimum
527 471 574 487 toties
584 476 613 491 per
622 472 634 488 B
641 471 742 492 acceptisque
750 476 759 487 a
767 471 867 492 principibus
875 472 970 487 sacerdotum
977 472 1002 492 epi-

238 495 311 512 mortalia
319 493 384 516 peccata
391 495 495 514 offendimus,
500 495 528 516 qui
537 495 553 511 in
562 496 613 516 proxi*

238 525 272 536 mos
282 522 344 536 nostros
354 522 386 536 tam
395 520 488 541 frequenter
495 520 613 541 cnormiterque

237 547 292 561 contra
307 545 335 561 Dei
349 547 429 566 praecepto
443 545 551 566 peccavimus,
564 545 614 561 detra-

237 570 295 588 hendo,
313 569 400 588 irridendo,
417 569 521 588 diffamando,
537 569 613 588 fallendo,

237 594 362 613 damnificando,
371 594 452 613 caedendo,
460 596 487 610 aut
497 594 554 615 quovis
567 594 614 610 modo

229 619 309 637 iloedendo
317 620 323 635 7

166 649 230 662 uxi-nn.
257 644 296 660 Redi
308 648 351 664 ergo,
361 648 371 659 o
382 644 430 659 miser
441 644 494 662 homo,
503 643 537 659 redi
548 644 567 659 ad
578 648 613 663 cor3

237 669 301 684 attende
314 668 364 684 Deum
377 668 450 684 omnium
462 668 533 689 judicem
545 668 613 688 justum,

172 698 193 709 :aa
201 701 230 710 xxxv.
238 693 265 714 qui
278 693 341 709 nullum
354 693 414 709 malum
429 693 488 709 deserit
502 693 613 713 impunitum;

163 715 301 743 gionxaiimflnde
312 723 360 739 quam
374 717 471 733 horrendum
483 718 504 733 sit
515 717 585 733 incidere
597 717 613 733 in

238 747 295 758 manus
306 743 334 758 Dei
345 742 419 758 viventis.
430 742 483 758 Potius
495 747 533 763 ergo
544 742 585 763 elige
596 742 613 757 in

641 496 691 514 stolis,
700 496 828 516 proficisceretur
838 496 932 512 Damascum
941 496 960 512 ad
968 496 1002 512 inve

641 521 731 541 stigandum
746 520 842 536 Christianos
858 520 923 539 ibidem,
935 522 1002 541 quatenus

640 545 702 561 vinctos
713 550 740 561 eos
751 545 770 561 ad
782 545 864 566 principes
875 545 971 561 sacerdotnm
982 545 1002 561 nd-

641 570 717 588 duceret:
732 570 771 586 dum
784 570 865 591 (inquam)
880 570 896 586 in
911 572 942 586 tam
956 570 1002 586 vitiam

641 595 722 616 proposito
737 597 784 616 atque
797 595 854 611 itinere
868 597 915 613 esset,
929 595 977 611 suhim
988 599 1003 610 ex

641 619 720 635 ineffabili
732 620 790 640 pietate
800 620 815 635 ei
827 620 898 636 Christus
910 620 983 640 apparuit,
991 622 1003 635 et

640 646 676 665 post
688 644 830 660 clementissimam
843 644 965 665 increpationem
976 649 1003 665 gn-

640 669 679 685 tiem
693 669 802 685 conversionis
814 669 873 685 infudit
885 674 889 685 z
903 669 934 685 imo
945 671 960 684 et
971 669 1004 684 ultra

640 694 675 712 hoo,
688 694 707 709 ad
720 694 831 714 priescriptum
844 696 907 714 raptum
919 693 1004 714 supermise-

640 718 748 734 ricordissiine
762 723 799 734 eum
814 718 891 739 provexit.
907 718 961 734 Nullus
974 722 1004 738 erp

640 743 718 764 desperet
899 750 903 754 -

238 767 267 783 bac
275 767 307 783 vita
315 771 344 788 pro
351 767 383 783 tuis
391 766 484 783 excessibus
491 766 533 782 ferre
540 767 612 786 adversa,
621 767 632 783 C
660 768 677 783 ln
690 767 747 783 eodem
759 767 807 783 etiam
820 767 862 783 facto
873 768 974 789 contemplari
983 768 1004 783 de·

237 792 295 808 damna
305 794 321 807 et
329 792 434 808 contumelias
444 792 483 812 pati,
491 792 553 807 actibus
564 791 613 812 poeni-

237 814 291 832 tentiae
298 816 367 837 fatigari,
372 816 453 832 laboribus
461 816 528 832 utilibus
536 816 612 835 exerceri,

237 845 285 862 quam
295 843 332 861 post
340 841 381 856 lianc
391 840 502 856 brevissimam
512 845 530 856 ac
541 840 612 856 incertis-

237 865 294 881 simam
303 865 352 881 vitam
362 865 458 881 moernaliter
467 865 575 883 condemnari,
583 870 612 886 pu-

237 889 274 908 niri,
287 889 366 908 comburi,
379 892 407 905 aut
418 891 461 905 certe
475 889 527 910 longis
541 894 560 905 ac
573 889 612 905 diris

237 914 324 935 purgatorii
336 914 387 935 poenis
400 914 470 935 torqueri
481 919 484 930 :
495 919 546 935 quum
557 914 612 935 utique

237 939 288 955 multo
297 939 361 955 facilius
369 939 390 954 sit
398 938 453 954 multis
462 939 509 955 annis
518 938 570 959 affligi
580 943 613 959 poe-

237 963 315 982 niwntiis,
321 963 403 979 laboribus
411 963 582 984 persecutionibusque
589 963 612 979 vi-

237 990 257 1004 tae
265 988 353 1009 praesentis,
359 993 407 1009 quam
415 993 447 1004 una
454 988 492 1004 hora
499 988 567 1004 eruciari
575 993 612 1009 pur-

237 1012 294 1033 gatorii
309 1012 366 1033 paenis.
380 1012 432 1028 Vitam
447 1012 496 1033 igitur
510 1015 580 1028 nostram
595 1012 612 1028 in

238 1037 313 1053 omnibus
325 1037 434 1055 emendemus,
447 1037 479 1053 Deo
491 1037 585 1056 obediendo,
597 1039 613 1053 et

238 1111 316 1127 damnove
327 1111 386 1130 intulit,
397 1111 478 1131 poeniteat,
489 1111 553 1127 veniam
563 1113 611 1132 petat,

238 1138 270 1151 um
280 1136 300 1151 ab
310 1136 338 1152 illo
348 1140 396 1156 quam
404 1140 413 1151 a
420 1136 488 1152 Domino
497 1136 535 1154 Deo,
543 1138 559 1151 et
567 1136 612 1151 satis-

237 1160 286 1176 faciat
293 1160 325 1176 Deo
333 1160 353 1176 de
362 1160 387 1176 sni
396 1160 520 1181 transgressione
530 1161 611 1181 pmcepti,

238 1185 311 1206 proximo
321 1190 384 1206 quoque
392 1185 412 1201 de
419 1185 490 1201 illatione
498 1185 611 1206 injuriationis,

238 1210 308 1226 laesionis
317 1212 344 1226 aut
353 1210 413 1226 damni.

261 1235 337 1251 l’raeterea
349 1239 368 1250 ex
380 1235 454 1256 praesenti
466 1235 542 1251 docemur
554 1235 612 1255 episto-

237 1259 257 1278 la,
269 1264 317 1280 quam
329 1259 451 1280 diligentissime
463 1259 513 1275 vitare
525 1259 612 1275 debeamus

237 1284 329 1300 scandalum
344 1284 419 1305 proximi,
432 1286 450 1300 nt
461 1288 491 1299 nec
502 1284 556 1299 verbis
569 1284 612 1299 inde-

237 1309 316 1328 centibus,
327 1313 357 1325 nec
367 1311 404 1325 actu
417 1308 478 1327 illicito,
490 1313 519 1324 nec
532 1308 612 1329 negligen-

236 1334 271 1350 tiali
282 1334 369 1350 omissione
379 1333 449 1354 aliquem
461 1333 480 1349 ad
492 1333 520 1349 Dei
532 1333 611 1349 offensam

641 792 736 808 lectabiliter
744 797 829 813 possumus
837 792 936 808 liberrimam
943 792 1004 813 omnipo

640 816 706 832 tentiam
717 817 876 837 omnipotentemque
887 817 973 832 libertatem
982 816 1004 832 Dei

640 841 719 860 sublimis,
730 841 781 857 sancti
790 846 809 857 ac
819 841 901 862 sapientis.
911 841 961 860 Quum
969 841 1004 857 euim

640 866 728 881 secundum
744 865 794 886 legem
810 870 919 884 communem,
931 866 962 882 vila
974 866 1005 882 acli-

639 895 659 906 va
669 890 808 911 contemplativam
817 891 907 911 praecedere
915 891 974 909 debeat,
981 895 1004 906 nee

639 915 698 936 aliquis
712 917 759 936 aptus
773 915 835 931 dicatur
846 915 866 931 ad
881 915 929 931 altam
942 918 1004 931 contem-

640 940 727 961 plationem
735 939 766 955 nisi
774 940 795 955 sit
803 940 848 960 prius
859 940 876 955 in
886 940 970 956 virtutibus
979 944 1005 955 mo-

640 964 706 983 ralibus,
722 966 760 985 puta
775 964 871 983 bumilitate,
886 964 1004 983 mansuetudine,

640 989 721 1010 patientia,
734 989 818 1005 sobrietate
830 991 847 1005 et
858 989 961 1008 continentia,
971 989 1005 1005 bene

640 1014 741 1033 exercitatus,
749 1014 804 1035 sicque
813 1019 842 1035 per
851 1014 945 1030 exercitium
955 1014 1005 1030 virtuo-

640 1043 675 1055 sum
687 1041 740 1055 mente
751 1041 835 1060 purgatum
845 1039 897 1055 nihilo
908 1039 960 1055 minus
970 1038 1006 1055 Chri-

168 1070 230 1084 tamin
238 1062 315 1083 proximis
325 1062 367 1077 sicut
375 1061 421 1077 nobis
431 1061 451 1077 ab
458 1062 482 1077 eis
490 1061 526 1077 fieri
536 1062 579 1082 iuste
586 1066 613 1078 vo·
620 1064 632 1080 n
640 1065 673 1079 stus
681 1068 700 1079 ex
709 1064 793 1084 privilegio
800 1068 828 1079 seu
836 1063 887 1084 gratia
894 1064 964 1085 speciali,
972 1064 1005 1084 Apo

163 1086 231 1113 ff-fflh'ffi
238 1087 297 1105 lumus,
310 1086 388 1102 faciendo.
402 1086 418 1102 Si
430 1086 467 1107 quis
479 1086 524 1102 alteri
539 1086 612 1102 forefecit

640 1088 697 1104 stolum
706 1088 809 1109 istnm,quum
817 1088 868 1104 adhuc
876 1093 908 1104 non
915 1088 1006 1104 mediocriter

640 1112 731 1131 sceleratus,
740 1112 843 1133 blasphemus
853 1114 869 1128 et
877 1115 1005 1134 praesumptuosus

640 1137 728 1155 exsisteret.
739 1139 772 1153 tam
784 1137 852 1157 gratiose
864 1138 946 1158 prievenit,
957 1142 1005 1158 purgn⁴

639 1162 668 1180 vit,
681 1162 783 1181 illuminavit,
795 1162 872 1181 accendit,
885 1167 904 1178 ac
916 1162 968 1183 rapuit
980 1166 1005 1178 mm

640 1187 691 1203 solum
701 1191 751 1207 usque
758 1186 778 1202 ad
785 1186 880 1202 altissimam
889 1186 927 1203 huie
934 1187 969 1203 vitae
976 1191 1005 1207 pos-

639 1211 703 1227 sibilem
711 1211 867 1232 contempl-tionem,
875 1211 904 1227 sed
914 1211 978 1232 insuper
985 1216 1005 1226 us-

639 1240 670 1256 que
678 1235 697 1251 ad
705 1235 856 1256 contemplationem
867 1236 911 1252 illam
921 1240 1005 1257 supernam,

639 1260 775 1281 supernaturalem
781 1265 800 1276 ac
807 1260 919 1281 facialem,qua
925 1261 966 1277 clare
973 1260 1005 1276 vidi(

639 1289 668 1306 per
680 1285 750 1305 speciem
761 1285 850 1301 Divinitatis
863 1286 948 1301 essentiam
961 1287 976 1301 et
986 1289 1006 1300 su-

640 1309 777 1330 perbeatissimam
785 1310 882 1326 Trinitatem.
892 1310 936 1326 Unde
943 1309 1005 1331 quotidie

640 1334 681 1349 Deus
693 1333 766 1354 piissime
778 1334 856 1354 quosdam
871 1334 971 1355 incipientes,
982 1338 1006 1354 pu-
