1079 1569
140 293 178 305 luet.
181 294 206 307 aaa.

140 319 206 332 {lu-ma.

147 516 180 528 lton.
188 520 206 529 vu.

213 118 243 135 ΗΞ

350 123 424 136 mmm
434 124 450 136 lv
459 123 544 136 ΔῙΝΙῘΠἬΒ-
554 128 575 131 -
584 124 606 135 ΑΒ
616 124 714 140 ΒΕΙ-ΙΕΙθδῠῦζ
725 124 775 136 fimo
784 124 858 136 §ms

214 165 252 181 talia
265 165 332 187 (alioqui
348 171 381 182 sum
397 167 477 187 quomodo
492 166 609 182 satisfacienta
617 168 633 182 et
645 167 735 183 intimorate
747 167 814 187 agendo,
825 167 841 183 in
854 166 921 183 mortale
933 166 995 187 sapius

215 190 321 211 professioniz
334 196 353 207 ex
368 196 400 212 qua
414 191 483 207 caritatis
498 191 556 207 iervori
571 196 589 207 ac

215 214 309 235 perfectioni
317 216 381 231 studere
389 218 469 234 tenentur,
477 218 495 231 ct
502 216 553 232 nihilo
561 216 590 231 mi-

214 244 245 255 nus
258 240 288 260 ipsi
304 240 373 261 religiosi
386 241 403 256 in
416 240 506 256 veninlibus
518 241 590 261 quotidie

215 264 326 285 multipliciter
341 267 412 286 peceant,
426 265 447 281 it'a
462 267 480 280 ut
494 265 548 281 dicere
563 265 590 281 lta-

214 289 262 305 beant
271 294 274 305 ι
283 290 300 305 In
312 289 367 305 multis
379 289 477 306 ul'l'endimus
488 294 553 310 omnes3
561 292 577 305 et
585 294 588 306 :

214 313 231 329 Si
245 313 333 330 dixerimus
348 314 386 335 quia
400 316 483 335 peccatum
495 319 527 330 non
542 314 590 330 liabe—

215 343 257 357 mus,
264 343 293 354 nos
301 339 344 360 ipsos
352 339 448 354 seducimus.
455 339 500 357 Nam,
509 340 527 354 ιιι
534 339 590 354 recitat

215 363 306 382 Cassianus,
318 365 346 379 aut
358 368 387 384 per
399 363 510 384 ignorantiam,
523 365 551 379 sut
561 368 590 384 per

215 387 319 407 oblivionem,
327 390 354 404 aut
361 393 391 409 per
398 388 516 409 cogitationem,
524 390 551 404 aut
561 392 590 408 per

214 415 337 431 sennonem‚aut
344 418 372 434 per
377 413 522 434 obreptionenmut
529 417 558 433 per
565 417 590 428 ne-

214 438 305 454 cessitatem
318 440 346 454 aut
357 438 465 458 frngilitotem,
477 438 545 458 singulis
557 438 589 453 die-

617 196 688 210 ruamus,
697 196 747 212 quum
758 192 859 212 apertissime
869 191 911 207 dicat
922 191 996 212 Scriptu-

617 221 634 231 ra
644 221 647 232 :
658 216 688 235 Qui
700 216 767 237 negligit
779 216 846 234 modica.
859 216 935 237 paulatim
949 215 995 231 deci-

616 240 647 260 dit;
655 243 672 256 et
681 241 739 259 denuo,
747 241 763 256 Si
773 245 806 257 non
816 241 832 256 in
842 241 899 257 timore
909 240 937 256 Dei
947 242 995 256 tenu-

617 265 648 281 eris
659 267 674 281 te
684 265 766 284 instanter,
777 266 809 281 cito
821 265 922 281 subvertetur
934 265 994 281 domus

617 292 648 305 tua.
657 290 696 306 Nam
706 290 775 306 venialia
785 290 805 306 ad
816 290 888 306 mortalia
898 290 992 310 disponunt.

637 314 721 335 Propterea
733 314 748 330 S.
760 314 838 330 Cresarius
850 314 908 335 praesul
921 314 995 335 loquitur

617 339 633 354 in
645 343 718 355 sermone
728 343 732 355 2
743 339 787 355 Sicut
799 339 844 355 navis
857 341 960 360 posteaquam
972 339 994 354 de

617 363 669 384 pelagi
679 363 756 379 sluctibua
766 364 839 383 evaserit,
847 364 861 380 si
871 364 887 379 in
899 366 945 384 portu
956 368 994 379 sen-

617 388 666 404 tinata
673 393 705 404 non
713 388 766 407 fuerit,
774 389 794 404 de
802 388 869 405 minutis
876 388 925 409 guttis
935 388 994 409 imple-

617 415 648 432 tur,
657 418 675 429 ac
683 413 767 434 mergitur3
775 413 798 429 sic
806 415 822 429 et
830 413 917 429 monachus
924 413 993 429 devictis

617 437 666 458 hujus
674 438 729 453 mundi
737 438 838 457 criminibus,
844 438 889 458 quasi
897 438 994 459 periculosis

215 462 245 478 bus
257 462 350 483 frequenter
363 463 460 478 incurrimus
472 462 542 483 culpam.
555 462 590 478 Pro-
598 463 610 479 B
617 462 755 483 fluctibus,quum
762 463 781 478 ad
791 462 881 478 monasterii
889 462 951 478 venerit
958 467 994 483 por-

215 489 250 508 pter
257 487 300 508 quod
307 487 370 508 ejulans
377 487 468 508 Apostolus,
474 487 588 508 proclamavit:

214 512 272 528 lnl'elix
284 516 314 533 ego
326 512 383 528 bomol
395 512 432 533 quis
444 516 470 527 me
482 511 557 527 liberabit
570 511 589 527 de

214 541 281 557 corpore
288 537 344 552 mortis
352 536 421 557 hujus&
427 536 464 552 ltine
472 536 547 556 religioso
554 540 591 556 quo-

215 561 254 577 tidie
266 566 306 582 opus
317 563 342 577 est
352 561 435 582 poenitere,
443 563 459 576 et
469 560 538 576 venialia
549 560 590 576 mala

215 586 244 602 ista
254 586 319 604 deflere,
328 586 342 601 si
351 586 399 606 digne
409 586 453 606 cupit
464 585 548 606 proficere,
557 587 590 600 tum

215 611 305 626 cordialiter
314 615 333 626 ac
343 611 426 626 lacrimose
433 610 496 626 utboni
506 610 590 626 saeculares

214 636 234 652 de
244 635 278 651 suis
287 635 342 651 dolent
349 640 367 651 ac
375 635 478 651 lacrimantur
485 635 538 655 culpis
548 639 590 650 mor-

215 660 279 676 talibus.

235 685 266 700 Sed
276 689 326 705 quum
335 684 381 705 juxta
390 686 480 700 sanctorum
489 684 552 700 Petrum
562 683 589 699 dc-

215 709 288 727 ctrinam,
297 709 391 730 poenitentia
401 709 427 727 sit,
436 708 515 729 praeterita
525 710 590 729 peecata

214 734 281 752 deflere,
289 736 305 749 et
314 733 388 749 deflenda
395 738 427 749 non
439 733 495 749 iterare
504 738 507 749 :
516 733 555 754 quid
566 734 590 748 est

618 489 657 505 tum,
669 487 681 503 si
694 487 716 503 ibi
728 487 830 508 subrepentia
843 487 904 502 minuta
915 489 931 503 et
941 487 994 507 quoti-

617 511 664 527 diana
675 514 740 532 peccata
751 512 770 528 de
781 512 839 528 animm
849 516 882 527 sum
893 512 956 527 sentina
966 516 994 527 ex-

617 536 681 552 haurire
689 536 799 557 neglexerissin
808 536 842 557 ipso
848 536 940 552 monasterii
947 538 993 557 portu

617 560 696 581 naufragii
704 561 765 576 crimen
776 561 847 577 incurrit.

637 585 677 601 Hinc
684 585 789 601 admonemur
796 587 814 601 ιιι
821 590 858 601 cum
866 590 929 602 summa
938 586 993 601 bumi-

618 610 660 626 litate
673 612 689 626 et
700 610 760 631 ingenti
774 610 882 626 sollicitudine
894 615 926 626 non
939 610 992 626 solum

617 637 682 655 peccata
694 635 781 650 criminalia
791 639 882 654 caveamus,
892 635 920 656 sed
931 637 947 651 et
956 640 993 656 par-

617 664 644 675 vas
660 659 764 680 negligentias
780 659 852 681 quotidie
868 660 914 680 quasi
930 664 993 676 venena

617 684 676 700 diaboli
691 689 790 705 respuamus.
807 684 846 700 Sunt
860 684 903 700 enim
918 685 992 701 nonnulli

617 709 644 729 qui
655 710 690 729 post
700 709 781 729 religionis
792 709 913 729 professionem,
922 709 959 730 quia
969 710 993 725 vi—

616 733 674 749 dentur
686 733 737 749 exisse
747 733 767 749 de
776 733 840 752 sleculo,
848 733 898 749 nimia
907 734 992 750 securitate

215 759 257 779 quod
265 758 334 774 venialia
342 760 395 774 nostra
402 760 467 779 peccata
474 757 546 778 quotidie
554 762 590 773 con-
598 757 609 773 C
616 757 704 773 solvuntur.
720 758 739 773 Et
753 758 829 778 impletur
843 758 860 774 in
874 758 898 774 eis
912 759 992 774 sententia

214 783 286 802 iitemur,
294 783 337 799 etde
347 783 370 799 eis
380 787 408 799 nos
419 782 496 803 poenitere
506 787 535 803 per
544 782 590 803 signa

214 808 288 829 quasdam
298 809 411 826 monstramus,
420 809 435 823 et
445 809 497 823 tamen
508 808 544 828 post
553 811 590 822 con-

214 832 301 848 fessionem
313 834 329 847 et
341 832 470 850 celebrationem,
481 832 500 847 ad
514 831 589 852 pristinas

215 857 293 875 levitates,
306 857 325 872 od
338 858 421 872 consuetas
434 856 538 877 negligentias
551 855 589 871 lubi-

215 887 257 900 mur,
266 886 295 897 nec
307 881 364 897 erescit
375 881 391 897 in
401 881 448 897 nobis
460 881 505 896 dolor
517 880 589 896 internus

215 911 244 927 pro
256 906 346 922 venialibus
358 906 415 926 culpis,
427 910 456 921 nec
469 905 559 921 sollicitudo
571 910 589 921 ne

214 931 299 952 vigilantia
311 930 368 946 mentis
380 935 409 951 pro
422 930 445 946 eis
457 930 537 948 cavendis,
548 930 590 945 sicut

215 955 285 971 ostendit
296 955 375 971 eftectus?
385 954 424 970 Nam
435 954 452 970 in
463 954 521 972 verbis,
531 954 547 970 in
558 954 589 970 dis-

216 979 326 998 tractionibus,
341 979 358 995 in
373 979 461 995 incustodin
475 984 557 997 sensuum,
573 979 589 994 in

216 1005 253 1021 cibo
264 1009 283 1020 ιο
295 1006 339 1025 potu,
351 1004 367 1019 in
380 1003 449 1020 motibus
462 1003 561 1022 inordinatis,
573 1004 589 1019 in

216 1029 313 1047 levitatibus,
318 1029 335 1044 in
341 1028 456 1044 omissionibus
463 1033 481 1043 sc
489 1028 589 1049 negligentiis

617 782 675 798 Christi
683 782 750 798 dicentis
759 787 763 798 z
771 783 834 799 Utinam
844 783 905 799 calidus
912 788 955 799 esses
963 786 992 799 aut

616 807 693 827 frigidus3
704 812 746 823 nunc
756 809 809 823 autem
819 807 857 828 quia
864 807 928 828 tepidus
935 813 958 827 es,
967 808 991 824 in-

617 832 676 852 cipiam
686 834 701 847 te
710 836 784 848 evomere
793 832 813 847 de
823 836 850 848 ure
860 837 901 848 meo>
911 832 944 848 Hoc
953 834 977 848 est
985 837 990 848 :

616 856 672 872 Melius
680 856 709 872 tibi
717 856 773 875 iuerat,
781 858 809 872 aut
817 856 833 872 in
841 857 900 873 saeculo
906 857 991 873 remansis—

616 885 639 899 se,
648 883 675 896 aut
686 880 701 896 in
713 880 786 896 ccenobio
796 885 831 896 esse
840 880 928 897 ten-ventem
935 886 939 901 3
947 887 991 897 nunc

616 907 670 921 autem
680 905 718 926 qui·
727 907 743 921 et
751 905 771 921 de
781 905 839 921 meula
849 906 934 924 recessisti,
944 908 959 922 et
969 908 992 922 ta-

618 935 654 946 men
665 930 764 951 spiritualem
774 929 854 946 fervorem
865 935 885 946 ex
894 931 992 951 negligentia

617 959 649 971 non
660 954 784 975 apprehendisti,
793 955 857 975 tepidus
866 954 923 974 iactus,
934 960 953 972 ex
963 960 992 972 ore

617 979 680 995 Domini
691 979 775 995 evomeris.

637 1004 709 1024 Denique
718 1008 766 1024 super
776 1004 805 1019 hoc
816 1004 838 1019 nit
845 1004 923 1020 Eusebius
931 1004 991 1021 Emise-

617 1033 648 1044 nus
656 1033 660 1044 :
668 1028 709 1047 Quid
716 1030 740 1044 est
747 1028 789 1049 quod
800 1033 828 1044 nos
836 1029 901 1049 vigiliis,
910 1029 992 1045 laboribus

216 1053 288 1075 quotidie
302 1053 348 1069 solito
362 1057 406 1069 more
421 1057 511 1073 peccamus.
524 1052 553 1068 Ubi
566 1054 590 1068 est
597 1052 609 1068 D
617 1053 715 1073 jejuniisque
726 1052 813 1076 afficimus,
822 1055 837 1069 et
847 1058 865 1069 ea
875 1058 911 1074 qum
922 1054 992 1070 maximo

216 1078 258 1099 quod
269 1078 343 1094 Salomon
354 1077 429 1098 loquitur,
437 1077 467 1096 Qui
478 1077 523 1093 timet
533 1077 589 1096 Deum,

206 1123 209 1126 .
216 1103 257 1119 nihil
265 1102 338 1123 nogligit3
345 1102 420 1123 itemque,
426 1102 473 1118 Omni
480 1102 552 1118 custodia
559 1107 590 1118 ser-

216 1132 236 1143 va
245 1132 273 1143 cor
283 1129 327 1143 tuum
333 1128 339 1143 7
346 1127 386 1146 lleu,
394 1129 453 1148 quanta
463 1129 487 1143 est
496 1128 549 1143 nostra
562 1127 590 1142 mi-

216 1152 267 1168 serial
276 1152 307 1168 Cur
317 1152 338 1167 iu
350 1151 446 1172 negligimus
455 1151 566 1172 nosmetipsos,
575 1153 590 1166 et

216 1177 326 1198 superficiales
334 1176 481 1197 psssionabilesque
487 1181 506 1192 ae
513 1176 557 1197 pleni
564 1176 590 1192 de-

216 1202 285 1218 fectibus
293 1201 463 1222 permnnemuleerte
471 1205 524 1216 corum
530 1201 591 1217 Altissi-

216 1231 242 1243 mo
250 1228 293 1242 tanto
300 1226 415 1247 culpabiliores
421 1226 526 1244 consistimus,
532 1228 590 1246 quanto

217 1252 263 1273 plura
274 1253 290 1267 et
299 1251 360 1272 aptiora
372 1250 425 1266 media
436 1250 531 1271 proficiendi
544 1250 590 1266 habe»

216 1281 258 1292 mus.
268 1276 353 1296 Quumque
364 1275 451 1291 venialium
463 1275 548 1296 culparum
561 1275 591 1291 l're-

216 1301 282 1322 quentia
296 1300 315 1316 ad
331 1300 397 1316 mortale
412 1299 486 1320 disponat
500 1301 589 1320 peccatum,

216 1325 304 1342 verendum
312 1326 336 1340 est
343 1324 394 1343 valde,
403 1324 445 1345 quod
453 1326 484 1340 tam
492 1324 591 1344 negligenter

618 1078 659 1093 Deus
672 1079 726 1093 noster
737 1077 753 1093 in
767 1077 814 1093 nobis
826 1078 909 1097 desiderat,
921 1083 953 1094 non
965 1078 992 1094 ha-

618 1102 679 1121 bemus,
690 1102 720 1118 hoc
732 1104 756 1117 est
766 1107 793 1118 cor
804 1102 882 1118 mundum
892 1107 911 1118 ac
922 1103 991 1119 liberum

617 1126 637 1142 ab
645 1126 679 1142 istis
687 1126 788 1147 negligentiis
796 1127 925 1148 quotidianisque
933 1127 990 1148 culpis,

617 1156 657 1172 quas
667 1151 694 1172 qui
705 1156 736 1167 nou
744 1151 788 1170 vitat,
797 1152 874 1172 paulatim
883 1152 941 1168 defluit
949 1154 965 1168 et
971 1153 991 1168 ad

618 1176 678 1196 majore
688 1178 753 1197 peecata
763 1176 853 1192 dilabitur?

637 1201 718 1219 Praeterea,
724 1206 774 1222 quum
782 1201 857 1217 universa
864 1203 929 1222 peccata
935 1202 990 1218 eadem

617 1226 650 1241 sint
662 1226 722 1241 ratione
734 1226 803 1244 vitanda,
814 1228 868 1246 utpote
880 1226 956 1247 quoniam
969 1227 991 1243 in-

617 1250 710 1266 honorativa
716 1252 732 1266 et
739 1250 819 1266 ostensiva
826 1252 863 1266 sunt
870 1251 921 1269 Dei,et
928 1256 991 1267 summe

617 1275 674 1291 nocivo
685 1275 762 1296 peccanti,
772 1275 841 1291 aliorum
852 1279 916 1296 quoque
926 1276 991 1292 scandu-

618 1300 694 1320 lizativn;
709 1299 808 1321 quicumque
822 1300 842 1316 de
857 1300 911 1321 aliquo
926 1303 992 1321 peccato

618 1324 685 1345 poenitet
697 1324 779 1343 veraciter,
792 1329 824 1340 non
839 1324 891 1341 solum
905 1325 951 1344 illud,
963 1326 991 1342 sed

1008 220 1043 231 Secu..
1046 224 1061 232 u.

1003 237 1061 262 'imaum

1003 268 1014 278 a.

1006 788 1041 802 Ap«.
1048 786 1067 799 ι’

1000 804 1017 817 ιι,
1023 805 1040 815 ιι.
1066 802 1067 819 ς
