1079 1569
191 129 266 142 nonnum
276 130 288 141 n
298 129 425 144 ammianum.
435 133 456 137 —
465 129 487 141 u)
496 129 594 145 mimosus3
605 129 654 142 emo
665 116 721 142 ⁸13st

817 124 846 141 4¹7

72 171 143 191 Agathan
154 172 195 188 dixit
203 177 207 188 :
215 173 249 189 Non
260 174 284 188 est
295 172 339 188 labor
349 172 392 188 sicut
401 177 446 188 orare
453 172 466 188 Δ
474 172 588 191 incarnatione,
598 172 676 193 exemplis
687 174 703 188 et
714 172 793 193 mysteriis
803 172 847 188 Chri-

73 196 128 212 Deum.
135 191 216 213 interdurn
224 199 278 213 tamen
286 202 331 213 inens
339 199 371 213 tam
378 197 447 217 gratiose

73 221 169 241 praevenitur
183 224 199 237 et
213 223 246 238 tam
262 221 324 238 fortiter
338 221 423 242 adjuvatur
437 226 447 237 a

73 245 144 264 Domino,
152 246 196 266 quod
205 246 240 262 sine
249 246 308 265 labore,
316 246 348 262 imo
356 250 393 262 cnm
403 250 447 266 gran-

72 270 87 285 di
97 270 178 286 alacritate
186 273 202 286 et
210 271 267 291 gaudio
275 271 308 287 fixa
318 273 372 287 manet
380 271 396 286 in
405 270 446 291 ipso,

73 294 110 310 dum
118 295 216 311 emtionibus
224 295 375 311 meditationibusve
383 295 445 311 insistit.

72 319 112 335 Hine
123 319 146 335 ait
157 320 247 336 Bernardus
260 325 264 336 :
277 320 295 336 ln
307 320 369 336 eunetis
384 320 447 336 actibus

73 344 131 359 nostris
146 344 196 360 multa
208 349 248 365 opus
260 347 284 361 est
296 345 345 360 animi
358 344 446 365 vigilantia,

73 368 99 384 sed
107 369 188 389 praetipue
196 369 212 385 in
220 369 300 389 oratiune;
309 369 346 385 licet
353 369 397 385 enim
406 374 447 385 sem-

73 397 101 413 per
113 398 123 409 ι
135 393 203 410 Domino
214 394 303 411 videamur.
317 396 370 409 tamen
385 394 401 409 in
414 398 448 409 ora-

73 418 116 433 tione
129 420 244 438 praesentamus
258 423 287 434 nos
302 418 332 437 illi,
345 418 391 439 quasi
406 418 447 434 faeie

73 442 91 458 ad
104 442 162 458 faciem
175 448 213 459 cum
225 448 244 459 eo
258 443 345 464 loquentes.
359 443 395 459 ldeo
408 443 447 458 dicit

474 197 500 215 sti,
509 197 596 217 prasertim
604 197 624 213 de
632 197 705 218 passione
713 197 769 218 ipsius,
777 197 797 212 de
804 196 849 212 boni-

474 223 511 240 tate,
515 221 618 240 amabilitate,
624 221 739 240 misericordia,
743 221 847 240 beatitudine,

474 245 557 266 sapientia,
562 245 755 267 omnipotentia,justitia,
761 245 849 267 pulchritu-

474 270 517 289 dine,
525 271 615 289 dulcedine,
623 270 718 286 excellentie
728 270 761 289 Dei,
770 270 789 286 de
799 270 849 291 gloria

474 295 621 316 superdignissimae
627 295 714 311 Trinitatis.
723 295 742 311 Et
751 295 785 311 haec
795 295 849 311 omnia

474 319 554 340 frequenti
563 320 665 336 meditatione
673 320 748 336 cordibus
756 320 814 335 nostris
822 319 849 335 fir-

475 344 546 360 missime
557 345 674 365 imprimamus,
683 346 700 360 ut
710 344 723 360 si
734 346 806 365 ternpore
816 348 849 360 ora-

474 369 523 384 tionis
533 371 550 385 et
560 369 604 388 alias,
613 369 698 385 verborum
711 369 765 385 sensui
776 369 849 389 majesta-

474 393 518 414 tique
534 394 597 410 Domini
613 398 677 415 semper
693 398 727 409 esse
744 394 801 409 intenti
817 398 849 409 non

475 422 566 439 possumus,
579 418 635 434 saltem
647 418 667 434 de
679 422 711 434 una
725 418 766 434 bona
778 418 849 438 cogitati-

474 447 505 458 one
519 443 539 458 ad
554 443 601 458 aliam
616 443 680 462 bonam,
696 447 728 459 nen
742 443 761 458 ad
776 447 816 458 vana
830 448 849 459 ae

73 467 142 483 isidorus
155 472 159 483 ε
172 467 225 483 Oratio
239 468 292 483 cerdis
306 469 336 486 est,
351 472 383 483 non
398 467 465 483 labio-B
475 466 538 485 frivola,
551 471 649 486 corruamus,
662 472 712 488 quum
727 472 755 488 per
767 467 848 483 nicheam

73 496 117 511 rum;
128 497 180 512 neque
190 492 234 508 enirn
242 492 290 508 verba
297 492 398 513 deprecantis
406 492 447 508 Deus

72 516 146 535 intendit,
160 517 187 532 sed
201 517 261 533 orantis
276 521 303 533 cor
319 516 392 537 adspicit.
406 516 448 532 Meli-

72 545 90 556 us
103 543 128 557 est
140 546 177 557 cum
189 542 254 557 silentio
265 546 310 557 orare
322 541 369 557 corde
380 541 415 557 sine
424 546 448 557 so-

72 570 93 581 no
105 566 155 585 vocis,
165 571 214 587 quam
227 567 266 582 solis
276 566 330 582 verbis
343 566 378 582 sine
389 566 448 582 intuitu

73 591 136 606 mentis,

97 615 150 631 Tertia
164 615 216 631 virtus
230 612 280 635 liujus
295 615 367 631 mulieris
381 615 447 634 exstitit,

72 640 115 661 quod
128 645 156 661 pro
168 640 203 656 filia
217 645 246 656 sua
257 643 290 656 tam
303 640 391 658 lacrimose,
404 640 448 656 inde-

71 665 114 680 fesse
121 670 140 681 ac
147 665 209 681 fervide
218 665 317 686 precabatur.
326 665 348 680 lta
357 667 373 680 et
381 669 409 680 nes
419 669 448 685 pra

72 690 150 710 proximis
162 690 220 705 nostris
231 691 247 705 et
257 689 364 705 confratribus
374 689 449 710 deprece-

72 719 109 730 mur
119 719 139 730 ex
150 714 216 730 caritate
226 714 288 730 sincera
299 716 315 729 et
324 714 383 734 pietate
394 713 448 729 frater<

71 743 96 754 na.
100 738 169 754 ltiaxime
176 741 228 754 autem
235 738 263 759 qui
271 740 366 759 proeest,pro
373 738 448 754 omnibus

475 491 568 512 proplietam
577 492 653 507 Dominus
661 492 768 507 comminetur
776 496 779 507 1
787 492 813 508 Vae
820 491 848 512 qui
855 496 921 509 ustam,

475 516 547 537 cogitatis
554 516 612 532 inutile.
616 516 659 532 lstud
666 516 687 532 sit
694 516 764 532 studium
772 518 847 536 nostrum,

475 541 519 557 labor
529 543 588 560 noster,
597 546 650 562 pugna
660 543 717 557 nostra.

494 566 552 584 Quarta
560 566 608 586 hujus
617 566 682 582 feminoe
689 566 720 582 fuit
727 566 783 585 virtus,
792 571 849 587 magna

475 590 557 611 patientia,
565 595 597 611 qua
604 591 650 606 toties
658 593 674 606 et
682 593 714 606 tam
724 591 752 606 diu
760 591 805 612 quasi
813 596 849 607 eon-

475 617 541 635 tempta,
552 615 568 631 in
579 617 641 631 tantum
653 617 671 631 nt
682 620 712 631 nec
726 615 808 636 adspectu,
819 620 849 632 nee

475 639 525 655 affatu
541 639 586 660 quasi
602 640 650 660 digna
666 642 767 660 reputaretur
781 645 790 656 a
806 640 849 656 cari-

475 666 505 683 sw,
514 664 622 685 perseveravit
630 664 646 680 in
657 664 737 685 precibus,
748 669 780 680 nou
790 665 810 680 de
820 670 849 681 sua

474 689 586 709 aspernatione
594 689 683 709 indignans,
691 689 724 705 irnu
732 689 797 710 propius
805 694 849 706 acce·
860 696 923 710 annisu.

475 713 520 732 dens,
525 718 574 734 seque
582 716 684 734 prosternens
691 716 707 730 et
715 714 849 730 effectuosissime
856 713 873 723 ”⁴

475 742 526 754 orans.
535 738 553 754 ln
564 738 589 754 liis
600 738 653 759 itaque
664 743 699 754 eam
711 741 796 757 sectemur,
808 741 825 754 ut
835 739 849 755 si

70 763 102 779 sihi
111 763 208 782 commissis,
214 765 290 784 tanquam
297 763 349 778 unicis
357 763 402 781 filiis,
407 765 447 781 oret,
455 763 466 779 C
475 767 507 778 non
517 763 590 783 protinus
599 763 693 779 exaudimur
702 763 723 779 ab
731 763 848 784 Omnipotente,

71 788 174 809 potissimum
185 792 214 809 pro
223 788 248 804 his
257 792 296 809 quos
306 788 376 809 amplius
385 788 448 812 conspi-

61 813 93 832 ;cit
101 813 180 833 indigere,
188 817 208 828 ne
218 815 292 833 quassata
301 814 392 828 conteratur
401 817 448 828 arun-

47 839 64 847 m,
71 838 97 856 do,
103 839 132 853 aut
140 837 192 853 linum
200 837 280 857 fumigans
287 837 401 857 exstinguatur.
408 837 448 852 ilinc

70 862 93 878 ait
100 862 224 883 Chrysostomus
232 866 236 877 :
244 862 273 877 Pro
282 866 299 877 se
307 866 352 877 orare
362 861 448 877 necessitas

70 887 120 907 cogit.
129 891 158 907 pro
168 886 204 902 aliis
215 888 268 902 sutem
277 886 334 902 caritas
346 886 448 902 fraternitatis

70 912 149 927 hortatur.
161 911 226 927 Dulcior
237 913 291 926 autem
302 912 339 926 ante
351 911 401 926 Deum
412 915 448 926 con-

69 936 114 952 sistit
125 936 181 955 oratio,
190 940 222 951 non
234 940 281 956 quarn
291 935 385 951 transmittit
394 940 448 951 neces·

69 961 116 979 sit-as,
129 961 157 976 sed
170 965 218 981 quam
231 960 334 976 fraternitatis
346 960 448 976 commendat

69 990 88 1001 ac
99 985 175 1001 immolat
184 985 246 1001 caritas.
254 985 307 1000 Nihilo
317 985 371 1000 minus
381 984 449 1005 quilibet

69 1012 151 1029 nostrum,
160 1014 189 1031 pro
200 1009 240 1028 filia,
249 1009 265 1025 id
275 1011 299 1025 est
309 1011 361 1025 mente
373 1014 401 1025 seu
412 1014 449 1025 eon-

68 1035 141 1051 scientia
148 1039 182 1053 sua,
190 1036 225 1050 oret
232 1034 314 1053 instanter,
320 1039 355 1055 quae
361 1039 369 1049 r(
375 1038 384 1049 a
391 1034 448 1050 demo-

475 787 502 803 sed
515 787 532 803 in
543 787 651 806 tribulatione,
661 788 734 804 ariditate
745 788 849 804 desolatione-

475 817 506 832 que
517 812 576 828 mentis
588 812 694 833 relinquimur
706 813 725 828 ad
736 814 805 833 tempus,
817 818 849 829 non

475 836 572 857 frangamur,
587 841 639 857 neque
654 842 735 853 cessemus
747 842 756 853 a
768 837 848 858 precibus,

475 861 508 877 imo
518 861 537 877 de
548 861 606 882 pietate
616 863 632 877 et
642 861 751 877 misericordia
760 862 788 878 Dei
797 867 850 878 mane>
879 860 883 864 ’

475 890 521 901 amus
536 886 627 901 certissimi.
643 886 773 906 Sapientissimus
789 887 849 907 quippe

475 910 544 929 Creator,
552 910 580 931 qui
589 915 618 931 per
626 910 670 926 mille
678 911 769 927 occasiones
778 913 849 927 nostram

475 935 532 955 quaerit
543 935 617 953 salutern,
628 935 716 951 electorum
728 940 793 951 suerum
803 936 850 952 orati*

475 964 513 975 unes
526 959 606 975 interdum
618 960 637 975 ad
650 961 714 980 tempus
726 960 821 979 dissimulat,
833 963 849 977 et

475 984 525 1000 fidem
532 989 588 1000 eorum
595 986 643 1005 atque
651 985 755 1001 constantiam
764 985 825 1006 probat,
832 987 849 1001 ut

475 1009 502 1025 diu
513 1014 531 1025 ae
541 1009 629 1025 ferventius
640 1009 740 1029 postulando,
749 1010 849 1030 patientiam-

475 1038 506 1055 que
515 1033 588 1050 habende
595 1038 613 1050 ac
622 1033 699 1049 stabiliter
706 1034 808 1053 confidendo,
816 1039 849 1051 me-

68 1060 98 1076 nio
105 1059 150 1075 male
159 1061 225 1075 vexatur
229 1058 284 1077 »,dum
290 1058 339 1074 variis
346 1058 448 1079 passionibus
455 1058 468 1074 D
475 1060 540 1074 reantur
547 1058 627 1079 copiosius
637 1059 715 1078 exaudiri,
723 1064 741 1074 ac
751 1059 849 1080 probatiores

68 1084 168 1103 inebriatur,
178 1084 217 1099 dum
228 1085 283 1099 contra
294 1083 343 1099 alium
354 1083 399 1101 furit.
409 1083 448 1099 dum

68 1109 188 1130 cogitationum
198 1108 294 1124 tumultibus
305 1112 323 1124 ac
333 1108 448 1124 desideriorum

69 1133 159 1155 profluviis
172 1133 210 1149 hine
225 1133 262 1148 inde
274 1132 348 1153 jactatur*
361 1132 405 1148 Tunc
420 1132 447 1148 ita-

67 1164 102 1180 que
110 1158 199 1174 Dominum
208 1157 317 1178 imploremus,
325 1159 342 1172 ut
351 1162 361 1173 a
370 1157 449 1173 doemdnio

68 1183 167 1201 liberemur,
180 1184 197 1198 et
209 1182 226 1198 in
239 1182 272 1198 Deo
286 1186 332 1197 mens
346 1184 400 1197 nostra
414 1181 449 1202 qui-

107 1210 120 1223 ἰ.

67 1213 142 1249 Ἔτι-ο
149 1231 281 1248 consuetudinem
288 1230 335 1247 nohis
342 1230 418 1246 faciamus
424 1235 449 1246 co-

67 1257 135 1279 gitandi
143 1261 207 1277 semper
214 1256 273 1277 aliquid
281 1255 361 1274 boni,sive
369 1255 388 1271 de
396 1255 449 1271 verbis

67 1287 121 1299 sacrae
134 1281 225 1302 Scriptum,
233 1282 261 1296 aut
271 1280 291 1296 de
303 1280 355 1301 poenis
366 1280 448 1300 geliennffl,

68 1308 89 1324 de
101 1306 162 1323 mortis
173 1306 244 1324 horrore,
255 1305 275 1321 de
286 1305 335 1321 futuri
345 1305 403 1325 judieii
415 1310 450 1326 per-

68 1331 155 1349 horrendo
166 1330 224 1351 rigore,
235 1330 255 1346 de
264 1329 341 1346 felicitate
353 1329 420 1349 cmlesti,
430 1330 450 1346 de

139 1364 155 1378 T.
164 1364 184 1377 2⁹.

475 1083 516 1099 fiant
528 1083 544 1099 in
555 1083 587 1099 vita
598 1083 680 1099 virtutum.
692 1083 732 1099 Hinc
744 1084 803 1100 etenim
814 1089 849 1100 san-

475 1110 510 1124 ctus
520 1108 549 1124 Job
560 1108 628 1124 Domino
640 1108 680 1124 dixit
690 1113 694 1124 z
705 1108 759 1124 Clamo
771 1109 790 1124 ad
802 1111 823 1128 te,
833 1110 849 1125 et
856 1114 922 1128 lotium.

476 1137 507 1148 nnn
516 1132 582 1148 exaudis
593 1137 627 1152 me3
638 1134 667 1151 sto,
676 1135 692 1148 et
699 1137 731 1149 non
741 1133 807 1154 respicis
817 1139 848 1150 me*
856 1132 873 1142 ²¹·

475 1157 544 1173 Mutatus
551 1162 568 1173 es
577 1157 615 1173 mihi
624 1157 640 1173 in
648 1157 735 1176 crudelem,
743 1160 759 1173 et
766 1158 783 1174 in
791 1158 849 1175 duritie

476 1186 532 1197 manus
540 1183 572 1197 tute
578 1181 666 1197 adversaris
677 1182 721 1197 milii⁴
728 1182 804 1198 Jeremias
812 1188 850 1204 quo-

476 1211 507 1227 que
518 1206 589 1226 loquitur
599 1206 632 1222 Deo
644 1206 660 1222 in
671 1206 737 1222 'flirenis
746 1211 750 1222 :
758 1207 849 1228 Opposuisti
861 1213 923 1227 ramam,

476 1230 536 1246 nubem
549 1230 585 1249 tibi,
597 1233 615 1246 ut
627 1235 658 1247 non
670 1233 740 1247 transeat
750 1232 805 1248 oratio.
819 1230 873 1248 Sedu

476 1256 495 1271 ad
506 1255 539 1271 linc
549 1255 591 1271 idem
599 1255 676 1276 Propheta
686 1258 750 1276 praestat
757 1256 817 1273 ibidem
827 1262 850 1273 sa—

477 1280 522 1296 lubre
536 1280 622 1296 consilium
638 1284 641 1296 :
657 1280 749 1296 scrutemur
761 1281 850 1302 (inquiens)
870 1287 923 1301 ludim,

476 1305 510 1321 vias
521 1306 588 1324 nostr-x,
596 1307 613 1320 et
622 1310 717 1326 quaeramus,
726 1308 742 1321 et
752 1309 850 1322 revertamur
857 1304 896 1317 ’ω’-

477 1330 497 1345 ad
510 1329 602 1349 Dominum,
612 1329 651 1350 quia
662 1334 694 1345 nen
706 1330 773 1351 repellet
782 1330 799 1346 in
809 1336 850 1347 sem-

773 1363 789 1378 27
