1079 1569
147 135 222 147 1³01ch
231 135 241 146 v
252 135 289 147 Ρῠςτ
299 134 403 147 κΑτινΙτΑτη
413 134 478 146 cntueri.
488 139 509 142 —
519 135 540 146 AB
550 134 648 154 nunioioso83
659 135 708 147 samo
718 134 782 149 omma

821 130 852 146 245

77 178 158 199 patientia,
162 178 213 194 simus
220 178 287 194 fundati.
294 177 310 194 Si
318 178 361 194 enim
369 177 453 198 unusquis-
459 177 472 193 A
500 177 530 193 Sed
538 177 606 199 qualiter
613 180 688 199 praetacto
697 178 744 193 modo
754 177 810 199 diliget
817 182 852 199 pro-

77 207 108 223 que
118 203 153 219 vult
164 203 246 224 proprium
257 204 306 223 caput
316 202 367 223 sequi,
378 204 394 219 et
405 207 452 218 suurn

77 227 136 243 sentire
150 228 218 244 aliorum
231 232 303 243 censurae
317 227 398 248 prael'erre,
411 227 452 242 nulli

78 252 174 271 eedere,nee
182 256 211 273 pro
218 256 257 273 paee
265 252 381 272 concordiaque
389 256 453 267 servan-

78 277 97 292 da
110 277 183 292 omittere
195 281 231 297 qum
242 276 304 297 absque
315 276 343 292 Dei
356 276 418 292 offensa
429 276 452 291 di-

79 301 142 317 mittere
149 301 277 322 potostqualiter
285 301 343 322 poterit
350 301 385 317 sine
392 301 453 317 dissen-

78 326 128 344 sione,
137 326 231 344 turbatione,
240 326 346 341 rmaritudine
353 330 371 341 ae
378 325 453 341 seandalo

79 351 120 366 inter
130 350 185 366 fratres
196 350 360 366 versariiPensemua
370 354 388 366 ac
398 350 452 366 sermi-

78 375 134 390 demua
144 375 186 396 quod
196 374 298 390 beatissimus
309 379 327 390 ae
337 374 453 390 illuminatissi-

79 404 114 415 mus
122 399 152 415 iste
159 399 180 415 ait
190 399 296 420 Hieronymus
304 403 308 415 2
316 399 363 415 Nulla
373 403 402 420 pro
409 401 453 415 certo

78 424 111 439 vita
120 424 194 443 deterior,
202 428 250 444 quam
260 423 308 439 simul
320 424 377 444 degere
387 428 453 444 corpere

79 450 94 464 et
101 453 133 464 non
144 450 206 468 mente,
214 450 230 464 et
238 453 275 464 vere
285 448 358 464 infelices
368 450 410 466 sunt,
419 448 453 469 qui-

479 202 547 221 xiruum,
555 203 583 223 qui
592 207 622 218 nee
631 203 693 218 sincere
701 202 753 223 diligit
763 207 780 218 se
787 202 852 223 ipsum?

479 226 561 247 Siquidem
570 227 597 248 qui
605 227 657 248 diligit
665 227 772 248 iniquitatem,
780 227 853 248 proprias

479 251 578 270 affectiones,
586 252 700 270 animositates,
709 256 738 267 nee
749 252 808 272 frangit
818 256 854 272 pro-

479 276 523 297 prios
531 278 589 295 motus,
597 278 644 297 atque
651 277 671 293 ad
679 277 788 292 ulciscendum
796 281 813 292 se
820 281 855 297 pro-

480 306 511 317 nus
522 303 551 319 est,
560 306 591 317 non
603 301 658 322 utique
670 301 728 322 diligit,
736 301 763 317 sed
776 301 809 317 odit
821 301 854 317 ani-

480 330 523 341 mam
534 330 584 341 suam.
593 326 615 341 Ex
626 330 658 346 quo
668 330 767 347 consequens
778 328 803 341 est
812 326 855 346 quod

480 354 512 366 nen
520 352 568 368 amat,
574 350 602 366 sed
609 350 642 366 odit
650 350 740 371 proximum
748 355 802 369 suum,
806 355 855 371 quem

480 374 592 393 scandalizare,
601 374 685 395 impedire,
693 374 763 394 turbare,
772 375 855 390 contrista-

481 404 503 417 re,
511 399 584 420 affligere
591 404 609 415 ae
617 399 691 420 persequi
701 404 733 416 non
741 402 809 415 veretur.
818 399 855 418 Quae

480 424 535 440 omnia
542 424 683 440 vehementissime
690 424 780 445 periculosa
789 429 855 440 censen-

481 451 512 467 tur,
520 449 589 464 maxime
597 449 635 464 dum
643 449 659 464 in
667 449 799 465 consuetudinem
807 449 856 465 dedu-

80 473 109 488 hus
121 477 153 489 non
163 477 195 488 una
207 473 234 488 sed
246 473 309 488 diversa
321 473 362 488 inest
373 473 451 489 voluntas.
462 473 474 489 Β
481 476 545 492 cuntur,
553 474 570 489 in
580 475 641 489 tautum
652 474 695 494 quod
706 478 736 489 nee
747 474 856 494 ponderantur

29 500 54 511 hm*-
61 503 73 513 m,
80 498 119 516 Quid
126 497 146 513 ad
155 498 188 513 tune
195 497 253 513 dicturi
264 500 307 515 sunt,
315 497 342 518 qui
351 497 403 513 zelum
411 498 453 513 inter

80 527 95 538 se
104 522 164 538 liabent
170 527 242 538 amarum
251 524 267 538 et
274 522 389 540 conventior-a,
398 522 425 543 qui
433 522 453 538 ad

79 547 183 563 deridendum
193 551 211 562 ae
221 546 347 567 perturbandum
357 551 374 562 se
383 547 452 563 invicem

79 571 124 592 proni
136 573 184 591 sunt3
195 571 227 587 imo
238 571 266 592 qui
279 571 351 587 erebrius
363 571 453 592 excogitant

79 596 146 617 qualiter
158 596 219 617 aliquid
230 596 282 612 lacere
294 598 359 617 queant,
367 596 421 614 verbo,
432 596 453 612 ei-

79 625 109 641 gno
117 623 145 636 aut
154 625 208 641 opere,
216 620 258 641 quod
268 620 352 641 displiceat
361 621 412 639 alteri,
421 625 453 641 quo

79 645 151 661 turbetur
165 650 184 661 ae
198 645 311 661 eontristeturi
323 645 407 666 Quumque
422 645 452 661 tale

79 670 117 690 quid
124 670 191 690 egerint,
199 669 292 690 gloriantur,
301 670 346 691 quasi
353 670 381 690 qui
391 670 453 686 deside-

80 694 103 710 rio
109 699 138 710 suo
147 694 254 710 satisfecerint
263 699 281 710 ac
291 699 320 710 sua
329 694 370 710 bene
380 694 453 715 expedie-

79 719 111 735 rint
117 719 163 735 faeta.
172 719 184 735 Ο
192 723 240 739 quam
248 719 294 739 longe
301 721 339 734 sunt
346 719 372 735 isti
382 724 391 735 a
399 723 452 735 mona-

80 744 118 759 stica
128 748 146 759 ae
156 743 265 759 sincerissima
275 743 350 759 caritatel

481 503 510 514 nee
522 498 631 514 advertuntur.
640 498 728 514 Assiduitas
739 503 808 519 namque
820 503 855 519 pee-

481 523 527 539 eandi
537 527 603 543 prorsus
612 523 706 539 obtenebrat
715 523 780 539 oculum
791 523 854 539 mentis.

502 547 555 563 Refert
563 547 648 566 Climaeus,
657 548 672 563 in
681 547 777 563 munasterio
785 547 813 563 illo
821 552 856 563 san-

481 572 553 588 ctissimo
561 572 577 587 in
585 577 617 593 quo
625 572 680 588 multis
688 572 718 588 l'uit
725 572 857 591 diebus,1:ensue-

481 597 554 612 tudinem
565 597 615 613 fuisse
627 597 689 613 abbatie
701 597 770 613 eoenobii
782 597 831 615 illius,
838 599 856 612 ut

481 622 494 637 si
502 622 538 642 quis
546 621 646 642 apparuisset
656 621 709 637 l'ratris
716 622 773 640 oditur,
781 626 856 642 perseeu-

481 648 511 664 tor,
519 646 603 665 detractor,
612 646 665 662 statim
675 646 754 662 exsularet
763 646 855 667 hujusmodi

481 673 497 686 et
507 671 617 689 incarceraret,
626 673 653 686 aut
660 673 703 686 certe
711 671 802 691 expelleret.
812 671 855 687 Unde

481 695 520 711 dum
534 695 600 716 quidam
615 695 659 711 fratri
675 695 788 714 maledixisset,
802 696 855 711 statim

481 720 591 736 sanctissimus
604 720 631 736 ille
642 720 691 736 abbas
703 720 765 740 expulit
777 725 819 739 eui-n,
832 720 856 736 di-

481 749 519 760 eens
526 749 571 765 mque
579 749 610 760 non
618 749 653 760 esse
660 744 771 760 sustinendum
780 744 796 760 in
804 749 856 761 eoeno-

103 768 161 784 Verum
177 770 195 783 ut
209 768 242 784 haee
258 768 321 789 plenius
338 768 452 789 intelligantur,
462 769 507 785 ebio
519 769 599 785 visibilem
614 774 632 785 ae
647 769 745 785 invisibilem
760 769 854 785 daemonem.

80 798 164 814 pensemus
175 793 214 813 quid
227 793 247 808 sit
259 797 297 808 vera
309 793 366 808 caritas
378 793 452 809 fraterna.

79 818 135 838 Utique
143 817 200 833 caritas
208 817 241 833 hoee
250 819 275 832 est
283 821 287 833 z
296 817 386 838 proximum
397 817 413 833 in
422 818 453 833 Deo

79 847 116 858 vere
123 842 189 862 diligere
197 844 277 860 meute‚et
284 842 326 862 quod
334 842 391 858 caritas
398 842 452 863 exigit,

79 871 127 887 opere
137 866 219 885 exhibere,
227 868 245 882 ut
255 866 317 882 scilieet
329 866 401 887 proximu
412 867 453 882 desi-

79 891 153 907 deremus
165 891 206 907 dona
218 891 272 911 gratim
284 895 303 907 ao
315 891 398 910 virtutum,
406 891 453 912 spiri-

79 916 137 931 tualem
150 915 246 936 protectum,
259 917 334 932 eternam
347 916 425 936 salutem;
438 918 454 932 et

78 940 156 961 quidquid
170 940 190 956 ad
205 945 239 956 eam
255 940 336 961 copiosius
351 941 453 961 compendio-

79 965 143 986 siusque
157 965 276 986 adipiscendum
290 965 410 981 accommodum
423 967 452 984 est,

79 990 151 1010 proximo
158 990 205 1008 velle,
214 992 230 1005 et
237 990 252 1005 ei
262 994 292 1010 pro
299 994 345 1011 posse
354 990 452 1011 impendere,

79 1019 163 1035 procurare
170 1019 189 1030 ae
197 1014 282 1033 custodire,
291 1015 425 1035 quemadmodum
434 1015 454 1031 si-

78 1039 252 1060 bimetipsigquidquid
260 1043 298 1055 vero
306 1039 375 1055 caritatis
383 1044 401 1055 ae
409 1040 453 1060 pacis

480 794 564 814 Quumque
575 794 628 810 Frater
638 794 665 809 ille
674 794 751 815 expulsus
761 794 856 810 eordialissi-

481 823 507 834 me
522 818 611 839 paeniteret,
624 820 671 839 atque
686 823 715 839 per
726 823 753 834 sex
768 818 808 837 dies,
820 818 855 834 sine

481 843 517 859 cibo
529 845 545 859 et
557 845 601 863 potu,
610 847 642 863 prae
654 843 716 859 foribus
726 843 790 859 veniam
803 845 856 864 postu-

481 868 515 883 lans
529 868 611 888 jacuisset,
625 867 674 888 recipi
689 869 750 888 petens,
764 867 814 883 abbas
828 867 855 883 ille

480 892 579 913 justissimus
590 892 605 908 ei
619 892 717 908 remandavit
728 892 770 912 qued
781 897 813 908 non
824 892 855 908 nisi

480 917 500 932 ad
511 921 592 933 carcerem
603 921 640 932 eum
650 917 728 937 reciperet
737 921 740 932 :
749 916 791 937 quud
803 917 856 932 Frater

481 941 508 957 ille
515 943 595 962 gratanter
602 941 668 962 aceepit.
673 941 714 957 Eece
721 943 780 962 quanta
787 941 819 957 fuit
826 941 856 957 dis-

481 966 540 987 eiplina
551 965 616 981 ibidem.

500 990 519 1006 Et
529 995 577 1008 nune,
586 990 664 1006 carissimi
676 990 737 1009 fratres,
746 990 799 1006 redeat
809 991 856 1011 quili-

480 1015 507 1031 bet
514 1015 534 1031 ad
542 1020 559 1031 se
567 1015 626 1036 ipsum,
634 1014 726 1031 interiorem
734 1015 798 1031 oculum
807 1020 856 1036 super

480 1045 497 1056 se
506 1040 595 1058 reflectens,
600 1044 649 1060 seque
657 1044 693 1055 eum
702 1039 785 1060 diligentia
792 1045 855 1056 summa

78 1065 94 1079 et
105 1063 194 1084 spiritualis
205 1063 286 1084 proiectus
298 1063 410 1084 impeditivum
423 1066 452 1083 est,
460 1065 472 1080 D
481 1064 574 1080 examinans
581 1069 601 1079 an
608 1064 653 1084 juxta
661 1064 748 1085 praahabita
757 1064 778 1079 sit
785 1069 823 1080 vere
831 1069 855 1080 ea-

78 1088 137 1104 evitare
144 1090 193 1109 atque
201 1088 220 1103 de
229 1088 281 1103 medio
291 1092 320 1109 pro
327 1093 373 1109 posse
384 1088 451 1104 auten-e,

78 1113 124 1128 Certe
135 1113 164 1133 qui
176 1112 200 1128 sic
212 1112 270 1133 diligit,
278 1117 315 1128 vere
327 1113 388 1133 diligit3
396 1115 412 1129 et
424 1114 452 1134 qui

78 1137 100 1153 ito
109 1141 141 1153 non
151 1137 210 1157 diligit,
218 1142 319 1158 nequaquam
329 1142 366 1153 vere
376 1138 453 1158 perfecte-

78 1167 109 1183 que
117 1162 174 1183 diligit,
182 1162 211 1178 sed
219 1164 280 1178 tantum
287 1167 297 1178 a
304 1162 366 1178 sincera
374 1163 422 1179 distat
429 1163 452 1179 di-

78 1187 151 1205 lectione,
164 1189 242 1207 quantum
254 1186 274 1202 ab
287 1187 343 1203 horum
358 1187 413 1203 delicit
425 1188 452 1204 ob-

78 1211 172 1227 servatione.
180 1212 253 1232 Denique
262 1212 317 1227 emnia
327 1212 357 1227 ista
369 1212 385 1228 in
398 1212 453 1228 divino

78 1235 138 1252 officio
145 1236 245 1256 potissimum
256 1238 293 1252 sunt
302 1236 406 1255 observanda,
415 1242 452 1258 qua-

78 1263 126 1276 tenus
138 1265 173 1276 eum
185 1261 306 1281 tranquillitate,
318 1261 407 1279 devotione.
418 1262 452 1277 dul-

78 1285 143 1303 cedine,
150 1285 239 1304 eoncordia,
248 1289 279 1301 non
290 1290 326 1301 euin
338 1285 452 1306 indignatione,

78 1309 159 1325 discordia
168 1314 186 1325 ac
198 1311 254 1325 mutua
264 1309 371 1330 displicentia,
379 1315 414 1331 qum
424 1311 452 1326 Dei

79 1336 116 1350 sunt
128 1336 226 1354 peragantur.

480 1089 554 1105 ritativus
565 1093 568 1104 :
579 1089 639 1109 alioqui
651 1089 698 1109 digne
711 1089 792 1110 poeniteat,
806 1089 855 1105 eonfi-

479 1115 536 1132 teatur,
545 1114 625 1132 emendet,
633 1114 730 1134 adjutorium
741 1114 795 1134 gratim
805 1114 854 1134 Spiri-

480 1140 505 1154 tus
514 1139 567 1154 Sancti
577 1138 693 1154 incessabiliter
703 1138 854 1159 infatigabiliterque

480 1163 559 1184 imploret.
575 1163 671 1183 Frangamus
685 1165 701 1179 et
715 1168 810 1184 superemus
825 1167 854 1179 noe

480 1188 531 1208 ipsos;
538 1188 642 1208 propriosque
648 1188 768 1206 deiectus,vitia
775 1190 791 1203 et
798 1193 855 1204 aerum-

479 1217 508 1228 nas
515 1214 563 1233 atque
571 1212 642 1232 pericula
649 1214 681 1228 tam
691 1212 775 1233 profunde,
783 1215 816 1228 tam
824 1213 854 1228 l're-

480 1239 548 1258 quenter
555 1241 573 1252 ae
580 1237 652 1253 dolorose
663 1242 754 1258 pensemus,
763 1237 854 1253 intueamur

480 1266 498 1277 ae
506 1262 665 1282 ponderemus,qu0d
673 1262 693 1277 ah
700 1262 768 1277 aliorum
776 1262 820 1278 fatua
827 1262 854 1278 nb-

480 1286 574 1304 servatione,
583 1286 668 1301 temeraria
674 1286 794 1306 dijudicatione,
800 1291 854 1302 amara

479 1310 580 1331 displicentia
590 1311 691 1326 desistamus.
699 1311 728 1329 Oui
737 1311 764 1326 diu
775 1311 791 1326 in
802 1315 854 1327 eoeno-

479 1335 506 1351 bio
514 1337 574 1353 esmut
581 1335 651 1356 optimus
658 1337 685 1351 aut
693 1335 771 1356 pessimus
779 1340 788 1351 a
795 1336 854 1351 sanctis

866 230 886 241 Pu.
892 233 903 243 x,
908 230 919 241 α.
