1079 1569
283 129 356 141 minuma
367 129 472 141 amemini:-
482 133 502 137 -—
513 129 563 141 §mtto
573 129 650 142 §unvanus

825 125 855 142 ³27

30 177 55 188 tea·v
61 180 72 188 ιι.
78 172 126 188 Auris
136 172 177 188 bona
186 177 224 188 cum
234 172 278 188 omni
288 171 418 193 eoncupiscentia
427 176 454 187 an·
462 171 536 193 Altaque
546 172 595 188 verba
604 172 632 188 Dei
642 172 710 193 quilibet
720 172 819 189 Christianus
829 173 855 189 de·

30 277 35 288 ΙΙ
39 277 72 303 dmi.

30 349 41 359 >a
42 352 73 361 .....

78 197 112 213 diet
122 197 222 218 sapientiam.

97 222 156 240 Tertio,
169 222 237 238 verbum
251 222 279 237 Dei
294 223 395 242 eomparatur
407 221 454 237 vesti-

79 249 132 262 mento
141 251 160 262 ac
170 247 224 262 armis.
233 247 277 262 Unde
286 246 306 262 de
316 246 355 262 ludu
365 246 454 262 Mnehabaeo

78 271 146 287 iubetur
155 271 226 287 seeundo
234 271 359 287 Machabaeorum
368 275 372 286 :
380 270 454 291 Singulos

78 296 151 314 armavit,
162 300 194 312 non
208 296 252 311 hasta
264 298 291 311 aut
302 295 364 316 clypeo,
375 295 402 311 sed
414 295 454 316 opti-

79 321 110 336 mis
124 320 226 336 sermonibus
240 322 256 336 et
270 320 411 336 exhortationibus.
426 320 453 335 Sa-

79 345 132 361 lomon
140 350 205 366 quoque
215 347 281 361 testatur
289 349 293 360 z
301 345 357 361 Omnis
365 349 418 360 sermo
425 344 453 360 Dei

79 370 143 390 ignitus,
154 370 220 390 clypeus
231 372 255 385 est
265 369 340 385 omnihus
351 369 453 390 sperantibus

79 394 93 410 in
102 399 123 410 se
128 395 144 410 Si
152 399 189 415 ergo
197 394 272 410 volumus
279 394 340 410 animas
348 396 409 410 nostras
417 398 453 409 con-

78 421 101 435 tra
111 419 206 435 tentationes
216 421 232 434 et
239 419 278 434 vitia
288 418 390 439 prmmunire,
398 420 453 434 contra

78 444 136 464 frigora
147 444 206 459 ncedim
218 445 265 464 atque
277 443 347 461 invidiae,
358 445 413 459 contra
424 448 452 459 ms-

482 197 509 213 bet
516 197 571 213 nudire
579 197 624 218 quasi
632 197 716 218 epistolam
724 197 755 213 sibi
763 203 772 213 a
779 198 811 213 Deo
819 198 856 213 mis-

481 226 525 241 sam;
537 224 553 238 et
568 222 646 243 quidquid
658 222 749 238 vitiositatis
765 222 781 238 in
792 227 810 238 se
821 227 856 238 esse

482 246 590 267 perpenderit,
603 247 688 263 emendare
700 247 764 263 nitatur.
775 247 801 263 Ait
813 247 857 267 equi-

481 271 518 286 dem
528 271 626 291 Augustinus
635 276 639 287 1
647 271 681 287 Non
693 272 746 287 minus
756 272 822 292 dignum
833 273 857 287 est

481 295 548 311 verbum
560 295 587 311 Dei
598 300 646 316 qnam
656 300 714 317 corpus
724 296 787 312 Christi.
796 296 857 312 ldcirco

481 324 513 335 non
526 320 579 336 minus
591 325 627 336 reus
638 322 662 336 est
672 320 699 341 qni
711 321 779 336 verbum
790 321 817 336 Dei
829 325 856 336 ne-

480 344 559 365 gligenter
569 345 618 363 audit,
629 350 677 366 quam
689 345 716 365 qui
729 350 787 366 corpus
796 345 855 361 Christi

480 369 496 384 in
507 371 565 385 terram
577 369 633 385 cadere
644 374 662 385 ex
674 369 771 390 negligentia
781 375 810 385 rua
820 374 854 390 per-

480 394 533 409 mittit.
542 394 579 410 Ideo
589 394 623 410 sine
633 394 678 410 ladio
685 399 703 410 ac
712 395 818 410 somnolenti:
827 399 854 411 an-

479 418 555 434 diendum
567 421 590 434 est
600 419 667 435 verbum
679 419 711 435 Dei.

500 443 564 463 Legitur
576 448 645 464 namque
657 443 674 459 in
686 444 798 464 Vitaspntrum,
810 444 852 464 quod

78 471 111 484 turn
122 468 149 484 irae
158 470 174 484 et
183 468 318 489 eoncupiscentia
326 470 385 488 tegere,
393 472 451 488 easque
461 467 544 488 Bquidnm
559 470 624 483 sanctus
638 468 704 484 eremita
718 468 774 484 habuit
787 469 853 489 gratiam

79 493 141 511 vestii-e,
154 497 216 511 ornare,
228 497 301 512 armare3
313 492 380 508 verbum
393 492 421 508 Dei
434 492 451 507 li-

79 518 134 533 benter
147 517 208 536 audire,
225 518 348 538 memoriterque
363 519 422 535 tenere,
436 519 452 532 et

79 542 166 558 efficaciter
176 542 265 563 adimplere
276 544 370 562 satagamus.

98 567 160 585 Quarto,
173 566 240 582 veritum
255 566 282 582 Dei
297 568 399 587 comparatur
413 566 451 586 igni,

56 592 123 612 „minna
133 592 172 607 illud
180 591 238 608 Psalmi
247 596 251 607 z
259 591 328 612 lgnitum
337 591 420 612 eloquium
428 593 452 607 tu·

81 621 106 632 um
116 616 224 632 veliementer.
233 616 282 634 Unde,
291 618 308 631 nt
319 618 378 631 tactum
389 618 418 634 est,
427 615 452 631 Sa-

65 650 74 658 ι,
81 641 132 657 lomon
142 641 165 657 ait
175 645 179 656 z
190 640 245 656 Omnis
258 645 310 656 sermo
321 640 349 656 Dei
361 640 425 660 ignitus⁴
436 640 452 656 Si

80 670 115 686 ergo
123 665 199 686 cupimus
206 665 261 681 divino
269 669 323 681 amore
330 665 412 683 succendi,
418 670 452 680 ver-

80 690 117 706 bum
130 690 158 706 Dei
171 690 248 706 vivaciter
259 690 366 708 advertamus,
376 689 452 710 quoniam

71 715 156 736 ,scriptum
168 716 192 730 est
203 719 207 730 z
218 714 304 735 Eloquium
314 714 377 730 Domini
389 714 452 730 inflam-

70 740 129 755 «mavit
139 744 181 755 eum.
190 739 209 754 Et
220 739 236 754 in
247 739 316 754 Ieremia
326 738 402 754 scribitur
412 743 416 754 z
427 739 453 754 Fe*

479 492 588 512 spiritnnlium
595 493 682 511 visionum,
690 495 706 508 et
714 493 753 509 vidit
761 493 811 509 inulta
818 498 853 514 quie

479 516 506 532 alii
522 521 553 532 non
568 517 647 533 viderunt*
663 517 733 536 Quadam
749 517 798 538 igitui-
812 518 853 536 vice,

479 546 529 561 quum
540 541 601 557 Fratres
611 542 670 562 pariter
680 542 783 562 loquerentur
792 542 812 558 de
821 542 854 558 Deo

480 568 495 581 et
505 566 594 581 animarum
605 566 660 585 salute,
669 566 709 582 vidit
718 567 782 587 angelos
791 569 854 583 sanctos

480 590 522 606 inter
529 595 556 606 eos
564 593 605 606 stare
612 591 699 611 gnudenws
706 593 722 607 et
730 592 810 607 Fratribus
818 596 854 607 con—

479 615 586 636 gratulantes;
599 616 637 631 dum
649 621 687 632 vero
700 616 719 632 de
734 616 818 632 inutilibus
833 617 855 632 lo-

480 640 576 660 quebantur,
590 642 606 656 ot
619 640 669 656 otiosa
683 641 732 656 verba
746 641 853 661 proterebant,

480 665 521 680 vidit
531 665 595 685 angelos
607 667 662 681 contra
672 669 699 681 eos
710 665 795 686 indignari,
805 671 854 686 seque

480 691 557 707 avertere,
565 689 645 705 daemones
656 694 720 710 quoque
732 690 748 706 in
759 690 812 711 specie
822 692 854 706 tur-

481 714 584 735 pissimorum
595 718 680 734 porcorum
690 719 707 730 se
717 714 758 730 inter
768 715 804 730 illos
811 715 855 731 volu-

480 740 513 754 tare
524 743 543 754 ae
554 739 655 759 permiscere,
664 739 725 757 Quibus
736 739 780 758 visis,
791 742 854 755 sanctus

80 766 113 780 etus
120 766 145 780 est
152 768 205 780 sermo
212 763 275 779 Domini
283 764 299 779 in
308 763 355 779 corde
363 767 398 779 meo
407 763 453 784 quasi
462 762 473 778 C
481 763 505 779 vir
518 763 545 779 ille
556 763 643 779 humanam
659 764 739 779 miseriam
752 764 855 780 veliementer

80 789 120 809 ignis
130 791 224 804 exaestuaus.

99 814 161 832 Quinto,
170 813 237 829 verbum
245 813 273 829 Dei
281 815 382 834 comparatur
389 812 451 828 malleo.

80 838 123 854 Unde
136 838 178 858 apud
193 838 268 853 eumdem
282 838 367 853 Ieremiam
382 837 452 858 loquitur

80 863 121 878 Deus
129 867 133 878 t
140 862 221 883 Numquid
230 867 262 878 non
269 862 318 878 verba
327 867 362 878 mea
371 864 408 877 sunt
415 867 453 883 qun-

79 887 92 903 si
105 887 151 907 ignis,
163 889 180 903 et
191 887 237 908 quui
250 887 317 902 mallens
331 888 414 902 conterens
426 891 452 907 pe-

80 912 131 927 tram?
140 912 169 930 Qui
181 911 216 927 vult
226 916 264 932 ergo
275 911 328 927 cordis
339 911 364 927 sui
376 911 452 927 duritiam

80 936 178 954 monitione,
187 938 203 951 et
210 936 248 952 vitia
256 941 284 951 sna
291 938 379 954 conterere,
384 936 451 951 verbnm

80 961 107 977 Dei
119 961 204 981 diligenter
213 960 272 979 audiat,
280 963 296 976 et
306 965 355 981 super
366 965 393 976 cor
404 965 451 976 suurn

80 985 170 1006 frequenter
178 986 275 1001 descendere
283 985 336 1004 iaciat,
345 985 379 1001 suis
388 990 452 1006 quoque

80 1010 148 1031 peccatis
155 1010 364 1030 objiciat.0uemadmodum
372 1010 421 1025 durus
429 1012 453 1025 est

80 1035 125 1055 lapis,
133 1037 149 1050 et
157 1039 199 1055 aqua
209 1034 267 1052 mollis,
273 1034 324 1050 nihilo
335 1034 388 1050 minus
396 1039 415 1050 ex
423 1034 453 1050 ire-

480 787 568 808 deplanxit,
576 788 619 808 quod
630 790 662 804 tam
674 788 720 809 proni
733 791 770 804 sunt
781 789 855 805 homines

480 812 499 828 ad
507 817 548 828 vnn-s
555 814 571 828 et
578 812 635 828 vitiosa
642 812 725 833 colloquia,
729 818 779 833 quum
787 813 855 829 habeant

480 839 512 852 tam
523 837 604 857 copiosam
615 837 697 853 materiam
708 838 784 858 loquendi
793 838 813 854 de
823 838 855 854 Deo

480 863 496 877 et
510 861 596 882 Scripturis
610 866 629 877 ac
644 862 692 878 rebus
706 862 777 878 utilibus.
791 862 856 883 Legitur

480 890 550 906 quoque,
558 886 601 906 quod
609 886 647 902 dum
655 886 720 907 quidam
728 889 820 902 sanctorum
828 887 855 903 Pa-

480 912 523 926 trum
531 910 623 931 loqueretur
630 911 711 927 Fratribus
719 911 785 927 verbum
794 911 855 929 Dei.illi

481 939 517 951 mox
526 935 631 951 somnolentia
640 935 750 955 gravabantur.
759 936 803 951 Tunc
811 936 855 952 Pater

480 959 507 975 ille
515 960 570 975 volens
578 960 661 975 ostendere
671 960 713 981 quod
723 960 829 976 somnolentia
837 961 855 976 il-

480 984 495 1000 la
504 987 546 1000 esset
554 990 563 1000 a
573 984 641 1003 diabolo,
649 989 669 1000 ex
679 985 760 1006 proposito
769 985 818 1006 eoepit
827 986 854 1001 eli-

480 1009 519 1029 quid
530 1009 604 1029 jocosum
616 1009 695 1030 proterre;
706 1012 723 1025 et
734 1010 806 1030 protinus
819 1010 854 1025 Fra-

480 1036 512 1049 tres
520 1038 556 1049 cum
564 1034 669 1049 delectatione
677 1036 760 1055 eoeperunt
766 1034 853 1050 advertere.

79 1059 133 1080 quenti
140 1059 242 1075 distillatione
250 1059 291 1079 lepis
298 1059 395 1079 cavatumsic
401 1064 453 1080 qmm-
460 1059 472 1075 1)
480 1059 524 1075 Tunc
531 1059 576 1074 Pater
584 1058 611 1074 ille
619 1058 702 1079 ingemuit,
707 1059 761 1075 dicens
767 1059 854 1075 :Hactenus

79 1084 103 1099 vis
111 1084 157 1099 corda
164 1084 233 1099 humana
241 1083 272 1099 sint
280 1083 393 1102 dura,verbum
399 1085 452 1099 tamen

79 1109 107 1124 Dei
116 1108 206 1129 frequenter
212 1108 292 1124 audiendo
299 1113 317 1124 ac
325 1108 427 1127 revolvendo,
433 1108 452 1124 ad

79 1133 188 1154 poenioentinm
200 1132 310 1149 emolliuntur.
318 1133 348 1149 Sed
361 1135 378 1148 ut
388 1135 452 1149 sanctus

79 1157 135 1173 scribit
146 1157 241 1176 Bernardus,
253 1157 319 1178 qnidam
330 1160 368 1173 sunt
379 1158 406 1178 qni
418 1162 452 1173 ver-

79 1182 120 1198 bum
130 1182 158 1198 Dei
169 1182 192 1202 sic
202 1182 270 1198 audiunt
279 1182 324 1203 quasi
335 1183 354 1198 ad
366 1182 409 1203 ipsos
420 1187 452 1198 non

79 1207 174 1228 pertineretq
182 1209 199 1223 et
206 1207 245 1222 illud
253 1207 337 1225 audiendo,
345 1211 377 1223 non
385 1212 402 1222 se
410 1207 452 1227 ipsos

79 1231 176 1250 examinant,
184 1236 214 1247 nec
223 1236 275 1247 mores
285 1236 321 1247 suos
331 1231 419 1247 discutiunt
425 1234 453 1247 aut

80 1256 172 1275 reformant,
184 1261 214 1272 nec
226 1256 295 1276 cogit-ant
307 1261 327 1272 an
340 1256 406 1272 forsitan
418 1261 453 1277 pro

80 1284 117 1302 pter
128 1281 169 1302 ipsos
178 1281 240 1297 dicatur
250 1281 292 1302 quod
302 1281 370 1297 audiunt
377 1286 381 1297 ῑ
389 1281 422 1297 imo
431 1284 453 1297 ta-

80 1306 124 1321 libus
136 1306 201 1322 verbum
216 1306 244 1321 Dei
259 1310 288 1327 per
300 1310 348 1321 unam
362 1311 417 1322 aurem
429 1306 454 1326 (ut

80 1331 167 1351 vulgariter
178 1331 244 1351 dicitur)
255 1330 306 1349 intrat,
317 1335 346 1351 per
356 1331 404 1346 aliarn
415 1330 452 1346 exit.

481 1083 586 1104 loquebamur
593 1083 638 1099 vobis
646 1083 665 1099 de
672 1084 707 1102 Deo,
711 1086 727 1099 et
733 1084 818 1100 dormitare
824 1088 855 1100 εω-

480 1108 534 1133 pistis;
541 1110 624 1129 postquam
632 1113 670 1124 vero
677 1108 697 1124 de
705 1108 788 1124 inutilibus
796 1113 854 1124 sermo-

480 1138 516 1149 nem
528 1133 625 1151 induximus,
634 1133 721 1153 evigilastis
732 1135 748 1148 et
758 1133 852 1149 advertistis⁴

479 1158 564 1178 Agnoscite
571 1162 611 1178 ergo
615 1157 653 1178 quia
660 1162 669 1173 a
676 1157 739 1173 diabolo
746 1159 784 1173 sunt
789 1158 827 1173 hinc,
831 1158 853 1173 Ex

480 1183 505 1198 liis
515 1184 558 1203 patet
568 1187 615 1203 quarn
625 1184 687 1202 gratum
697 1182 718 1198 sit
726 1182 757 1198 Deo
764 1184 780 1198 et
787 1182 853 1203 angelis,

480 1207 548 1223 verbum
558 1207 586 1223 Dei
597 1207 682 1227 diligenter
692 1207 747 1222 audire
758 1209 773 1222 et
784 1207 832 1228 loqui.

500 1232 594 1253 Vaniloquin
605 1232 653 1252 igitur
663 1232 758 1250 devitemus,
769 1234 854 1253 pensantes

480 1257 522 1278 quod
533 1257 575 1272 inter
582 1261 609 1272 eos
618 1256 645 1277 qui
653 1261 693 1272 vana
704 1256 790 1277 loquuntur
797 1257 854 1272 daemo-

480 1286 508 1297 nes
519 1281 616 1299 volutantur,
624 1283 640 1297 ot
649 1283 704 1297 contra
714 1285 741 1297 eus
752 1281 803 1302 angeli
814 1281 854 1297 indi-

480 1308 554 1326 gnantur.
562 1306 644 1321 Fructuosi
655 1306 703 1326 igitur
712 1310 776 1326 semper
782 1306 814 1322 sint
822 1311 853 1322 ser-

481 1335 536 1346 mones
547 1330 603 1349 nostri,
612 1330 631 1346 ad
641 1330 708 1351 gloriam
720 1330 752 1346 Deir
