1079 1569
263 123 337 135 nolimu
348 123 364 135 ΙΝ
374 123 434 135 ofl‘rAVA
445 123 512 135 Pascua.
523 128 544 130 —
553 123 603 135 SEMD
614 124 669 135 ramus

827 119 857 135 545

80 167 138 181 nuncu
151 170 186 186 qum
199 165 243 184 fecit,
255 166 319 181 videtur
331 166 373 186 quod
387 165 476 181 mundusA
484 165 583 186 cnpiscentia
596 166 685 185 oculorum,
698 168 715 182 et
727 166 802 186 superbia
815 166 857 182 vitm.

80 194 113 205 non
125 190 146 205 sit
156 190 240 208 odiendus,
249 190 337 206 vincendus
348 192 375 206 aut
386 192 456 206 contem-

80 214 148 233 nendus,
156 215 184 230 sed
191 215 287 235 diligendus.
296 215 377 233 Praxterea,
386 214 424 235 quid
433 215 456 230 in-

81 238 158 259 telligitur
171 239 235 255 nornine
250 239 311 258 mundi,
324 244 374 260 quum
387 239 456 255 mundus

80 263 140 279 dicitur
147 264 274 279 contemnendus
279 265 286 279 t
293 264 324 280 Aut
331 264 374 280 enirn
382 263 457 284 intelligi-

80 290 107 303 tur
115 288 189 304 machina
200 288 261 307 mundi,
270 288 295 304 vel
303 288 376 304 homines
385 288 457 304 habitan-

81 314 105 328 tes
113 312 129 328 in
138 313 202 328 mundo.
209 313 240 328 Sed
248 313 322 328 machina
330 313 385 328 mundi
394 317 425 328 non
433 314 458 328 est

81 337 189 358 despicienda,
193 342 222 353 nec
230 337 401 358 homines,praesertim
408 342 458 358 quum

81 364 98 377 et
106 362 180 378 inimicos
186 362 273 382 jubeamur
279 362 351 382 diligere,
359 366 389 377 nec
397 362 458 382 aliquid

81 386 168 402 debeamus
175 389 276 402 contemnere
284 387 315 402 nisi
323 391 352 403 nos
360 387 406 407 ipsos,
410 391 458 407 quum

30 419 63 428 mm.
71 423 75 426 .
82 411 130 426 isaias
142 413 208 427 testetur
216 416 220 427 :
228 412 255 427 Vm
265 411 293 432 qui
303 411 371 432 spernis,
380 416 433 427 nonne
442 413 458 426 et

23 465 59 476 'uiua
64 468 70 475 ιι

24 988 30 996 e
35 985 76 998 mse.

23 1256 61 1267 ‘an-n,
64 1259 76 1269 ιι,

23 1306 66 1317 ΜΛε,

83 436 117 456 ipse
125 436 301 456 spernerislltlalachias
309 440 373 456 quoque
381 436 458 456 propheta

82 485 170 505 despicere.
179 494 198 496 —
209 485 232 501 Ad
243 485 277 501 lime
288 485 417 506 respondendum
428 487 457 503 est,

82 509 124 530 quod
132 510 201 525 mundus
208 510 224 525 in
231 510 317 530 Scripturis
324 509 372 525 variis
378 509 429 525 modis
435 514 460 525 ac-

82 534 194 555 cipiturtquod
201 539 244 550 nunc
250 539 298 550 causa
304 534 386 550 brevitatis
393 534 457 550 dimitto.

82 558 147 577 Verum,
158 563 208 579 quum
221 559 290 574 mundus
301 558 367 579 jubetur
378 558 458 574 contemni

83 588 112 598 nec
122 583 174 603 diligi,
183 583 252 599 mundus
262 583 340 604 accipitur
351 588 379 604 pro
389 583 434 599 vanis
443 585 459 599 et

83 607 145 623 vitiosis
153 608 251 626 hominibus,
260 608 334 626 carnalia,
343 608 434 624 transitoria
441 612 459 623 ac

84 634 147 648 terrena
160 632 248 648 inordinate
260 632 361 652 amantibus3
372 634 420 653 atque
430 636 459 653 pro

84 657 109 672 his
117 657 165 673 rebus
173 662 212 678 quas
222 657 314 678 hujusmodi
324 657 397 673 homines
405 659 460 673 contra

84 682 111 697 Dei
124 684 222 702 praceptum
234 684 308 702 quaerunt
317 684 334 698 et
345 682 418 702 cupiunt,
426 686 459 697 am-

84 706 177 727 plectuntur
187 708 203 722 et
214 709 274 725 tenent,
285 709 302 722 ut
312 708 349 722 sunt
357 711 361 722 :
369 706 460 727 temporali>

84 734 108 747 ter
118 731 214 752 prosperari,
222 731 307 747 carnaliter
317 731 394 750 deliciari,
403 731 419 746 in
429 731 459 747 hoc

504 190 577 206 Secunda
586 191 653 211 quaestio
661 190 712 206 oritur
719 191 761 206 circa
770 190 845 211 praedicta
853 195 856 206 :

483 214 507 230 An
519 216 621 235 contemptus
633 215 688 230 mnndi
700 215 720 230 sit
732 215 751 230 de
764 214 858 230 necessitate

484 239 544 254 salutis.
556 239 621 255 Videtur
632 239 675 260 quod
685 239 709 255 sic
721 244 740 255 ex
750 239 803 255 verbis
813 239 858 255 loan—

484 263 509 279 nis
518 268 537 279 ac
546 263 599 279 iacobi
611 263 711 282 introductis,
719 264 757 285 quia
767 263 795 284 qui
806 263 858 284 diligit

484 288 568 306 mundum,
577 290 619 304 earet
629 292 683 304 amore
692 288 753 306 divino.
762 288 795 304 imo
804 290 820 304 et
830 288 858 304 Dei
864 292 931 305 maana.

485 313 559 328 inimicus
567 313 643 329 efficitur,
652 313 681 329 Sed
690 313 703 329 si
711 313 740 329 hoe
749 313 771 329 ita
777 315 807 332 est,
815 313 858 329 vide-

484 339 510 353 tur
522 337 565 358 quod
577 342 632 353 omnes
647 338 730 354 seaculares
743 340 759 354 et
771 338 858 358 conjugati,

484 366 524 382 quos
531 364 594 383 oportet
603 364 671 378 tractare
678 365 693 378 et
703 367 788 383 procurare
797 367 816 378 ea
823 367 859 383 qum

485 387 541 402 mundi
554 389 591 402 sunt
601 387 671 407 (dicente
684 387 758 408 Apostolo
767 392 770 403 :
779 387 808 406 Qui
821 391 859 403 uxo·
873 390 932 404 ιοοωι..

486 416 518 427 rem
531 411 584 430 habet,
595 412 672 427 sollicitus
683 414 708 428 est
719 417 754 432 quaa
765 414 803 428 sunt
813 417 859 427 mun·
866 407 883 418 n*

485 436 514 456 di),
519 436 551 457 sint
558 436 575 452 in
582 438 624 452 statu
632 436 787 456 damnationis.,-Et
795 441 859 457 respon-

72 460 104 477 .ait
113 464 116 475 :
125 460 206 476 Custodite
215 460 289 481 spiritum
298 463 375 479 vestrum,
383 462 399 476 et
409 460 458 476 nolite
467 461 479 477 B
486 461 562 479 dendum,
570 461 612 481 quod
623 461 682 482 duplex
692 463 716 477 est
726 461 784 481 gradus
795 461 859 477 odiendi

486 485 631 506 contemnendique
648 486 732 504 mundum,
748 486 827 506 loquendo
843 485 859 501 in

485 510 561 530 generali,
570 512 586 525 et
595 512 672 530 quantum
683 510 745 526 suflicit
754 515 783 531 pro
792 515 860 531 prfflsen-

486 535 503 550 ti.
517 535 579 550 Primus
590 535 648 555 gradus
661 537 690 553 est,
703 537 721 550 ut
734 535 804 550 mundus
814 537 831 550 et
842 539 861 550 ea

487 564 522 580 qum
537 559 592 575 mnndi
606 561 644 575 sunt
658 562 780 575 contemnantur
792 564 811 575 ac
824 559 861 575 odio

487 584 575 599 habeantur
586 584 602 599 in
613 586 690 604 quantum
700 584 760 600 directe
769 589 778 600 n
788 584 820 599 Deo
831 584 860 599 im<

487 608 554 629 pedinnt
565 611 581 624 et
593 610 667 624 avertunt
677 613 681 624 z
692 608 722 624 hoc
734 610 763 627 est,
773 613 802 624 nec
813 613 861 629 supra

487 633 537 648 Deum
549 635 628 651 amentur,
637 637 666 648 nec
676 635 731 648 contra
742 633 770 649 Dei
782 635 861 653 prece-pta

487 658 510 673 eis
522 658 558 678 quis
570 657 679 673 conformetur
689 657 714 673 vel
726 657 821 678 acquiescat,
831 662 861 673 nec

487 682 528 704 bopn
537 684 599 698 terrena
609 682 701 698 coelestibus
711 682 820 703 praeferantur*
829 682 861 698 Hoc

488 707 535 723 modo
548 709 648 727 contemptus
661 711 689 722 seu
701 707 755 722 odium
770 707 825 722 mundi
838 708 862 722 est

487 732 507 747 de
515 731 609 747 necessitate
619 731 679 747 salutis*
688 731 746 752 Sicque
755 731 862 751 intelligendu

84 756 144 772 saeeulo
151 756 222 774 exaltari,
231 756 284 774 ditari,
293 756 358 771 laudari.
367 755 423 771 Omnia
433 756 460 771 ita-
469 757 480 773 G
488 758 525 772 sunt
533 756 634 776 prasinductae
641 756 741 772 auctoritates
747 756 861 776 Apostolorum

84 786 116 801 qne
124 780 154 796 ista
161 782 177 796 et
185 781 279 801 temporalia
286 785 304 796 ac
312 780 393 796 sensibilia
400 780 461 796 univer-

84 810 102 821 sa
111 805 201 826 spernenda
211 807 227 821 et
237 805 305 821 odienda
314 807 357 823 sunt,
366 809 397 821 non
408 805 460 825 quoad

84 830 101 845 id
109 830 151 850 quod
159 830 265 845 essentialiter
272 832 314 848 sunt,
323 830 350 845 sed
358 830 374 845 in
382 831 460 850 quantum

85 855 101 870 in
110 855 137 870 Dei
145 855 176 873 via,
184 855 200 870 in
207 855 262 870 divino
269 855 352 875 obsequio,
360 855 376 870 in
385 859 460 875 processu

83 880 104 895 ad
117 879 184 900 patriam
197 879 278 895 coelestem
291 879 337 895 nobis
349 879 434 897 obsistunt,
445 881 461 894 et

84 904 185 925 spiritualem
194 904 283 924 profectum
292 904 423 924 impediuntlmo
430 903 460 919 lioc

84 928 133 944 modo
141 931 214 949 parentes
221 931 237 944 et
244 929 293 944 ceteri
301 928 419 949 quantumlibet
427 932 461 949 pro-

84 953 131 972 ximi,
138 953 184 973 juxta
191 953 250 969 Christi
257 953 352 971 doctrinam,
360 955 398 968 sunt
406 953 461 968 odien-

83 978 107 997 di,
118 978 254 999 quemadmodum
267 978 301 998 ipse
313 977 372 994 effatur
383 982 386 993 :
397 977 413 993 si
424 978 461 998 quis

84 1003 129 1019 venit
141 1003 161 1018 ad
177 1007 208 1021 me,
221 1005 236 1018 et
248 1007 280 1018 non
293 1002 326 1018 odit
338 1004 399 1023 patrem
413 1007 460 1018 suum

84 1030 101 1043 et
116 1029 189 1046 matrem,
202 1029 239 1046 eto„
252 1032 284 1043 non
298 1029 350 1048 potest
365 1032 411 1043 meus
426 1032 461 1043 esse

488 780 507 796 Et
517 780 593 801 quoniam
606 780 649 796 istud
660 780 676 796 in
689 780 749 796 mundo
760 780 827 801 implere
838 782 862 796 est

488 805 562 823 difficile,
577 805 636 821 idcirco
651 805 719 821 difficile
733 807 757 821 est
772 805 830 821 salvari
845 805 861 821 in

488 830 553 846 mundo.
562 830 627 850 Propter
634 830 676 850 quod
684 830 724 845 dixit
732 830 862 845 SalvatortArcta

488 856 512 870 est
519 854 545 869 via
552 859 588 875 qum
595 854 640 870 ducit
646 854 666 869 ad
675 854 730 870 vitam.
738 854 821 870 Secundus
828 859 862 875 gra-

488 879 518 894 dus
525 878 638 894 contemnendi
646 878 742 899 odiendique
749 879 824 894 mundum
833 881 861 897 est,

489 905 506 919 ut
513 904 567 919 omnia
574 903 607 923 jam
615 903 680 924 praefata
687 905 783 924 spernantur
789 908 808 919 ac
816 904 863 919 relin-

488 930 563 949 quantur,
571 932 603 943 non
615 928 667 943 solum
678 928 695 943 in
706 930 784 949 quantum
796 928 862 947 directe,

488 953 515 968 sed
524 953 590 973 insuper
597 952 686 968 secundum
693 953 736 973 quod
743 953 863 968 occasionaliter

488 982 497 992 a
505 977 537 993 Deo
547 977 643 997 impediunt,
651 979 667 992 et
677 977 694 993 in
701 979 779 997 quantum
788 977 864 998 spiritua-

489 1002 520 1017 lem
534 1001 624 1022 profectum
637 1001 722 1020 retardant,
729 1004 777 1022 atque
789 1006 799 1017 a
811 1002 863 1022 perfe-

489 1026 541 1042 ctione
554 1026 635 1041 hominem
648 1026 735 1041 retrahunt⁴
748 1026 806 1047 Sicque
818 1031 864 1042 mun-

872 834 912 845 uum
913 837 936 846 -----

869 851 886 861 ιι

83 1052 180 1072 discipulus⁴
195 1052 308 1067 Verumtamen
325 1053 397 1067 naturam
414 1051 527 1068 debe-ndum
540 1052 647 1069 contemnere,
658 1052 682 1066 est
694 1051 785 1071 evangelica
796 1051 864 1067 consilia

85 1082 122 1093 mus
130 1076 196 1097 diligere
206 1078 222 1092 et
232 1080 307 1097 personas
317 1081 376 1094 amare,
385 1076 402 1092 in
411 1081 461 1097 quan-

84 1104 120 1117 tum
132 1101 152 1117 ad
163 1101 191 1117 Dei
203 1101 289 1121 imaginem
302 1103 340 1116 sunt
351 1103 413 1119 creatae,
426 1100 461 1116 hea-

84 1126 192 1146 titudinisque
205 1130 276 1146 capaces,
288 1127 304 1141 et
313 1125 371 1141 Christi
383 1126 461 1146 sanguine

84 1151 162 1166 liberam.
174 1150 246 1171 Insuper,
259 1150 298 1166 dum
311 1150 377 1170 jubetur
393 1150 461 1166 mundus

84 1175 173 1193 contemni,
186 1179 215 1195 per
229 1175 307 1190 mundum
323 1176 390 1195 possunt
403 1175 461 1190 intelli-

83 1200 101 1221 gi
112 1200 190 1215 vanitates
202 1201 219 1215 et
230 1199 342 1215 instabilitates
356 1199 461 1219 universaque

84 1224 126 1240 vitia
138 1224 191 1240 seculi
205 1224 258 1244 nujus.
270 1223 314 1239 Unde
328 1228 377 1244 quum
391 1223 405 1239 S.
416 1224 462 1239 loan-

85 1254 115 1265 nes
123 1249 194 1267 dixisset,
200 1248 252 1264 Nolite
259 1248 326 1268 diligere
334 1248 418 1266 mundum,
424 1250 461 1267 etc„

85 1273 133 1294 quasi
148 1277 229 1294 exponens
244 1272 283 1293 quid
300 1272 321 1288 sit
335 1272 401 1292 diligere
417 1277 462 1288 mun-

85 1298 132 1316 dum,
139 1297 199 1318 adjecit
207 1302 211 1313 ι
219 1297 296 1316 Quoniam
304 1301 352 1313 omne
360 1297 402 1317 quod
411 1299 436 1313 est
445 1297 461 1313 in

86 1323 154 1341 mundo,
162 1321 293 1343 eoncupiscentia
302 1322 354 1337 carnis
363 1323 392 1340 est,
400 1324 416 1337 et
426 1326 462 1338 con-

149 1356 167 1369 T.
175 1355 196 1368 2⁹.

488 1075 581 1096 adimplere,
592 1077 608 1090 et
620 1080 648 1096 per
662 1075 767 1091 voluntariam
779 1077 863 1096 pauperta-

489 1102 527 1118 tem,
536 1100 624 1115 castitatem
637 1104 655 1115 ac
666 1099 779 1118 obedientiam,
787 1100 863 1116 omnihus

489 1124 545 1140 mundi
558 1124 627 1145 pompis,
638 1124 757 1145 cupiditatibus,
768 1125 864 1141 carnalitati-

489 1149 519 1165 hus
531 1149 628 1167 renuntiare,
640 1150 719 1169 quatenus
731 1154 776 1165 mens
788 1149 818 1165 soli
831 1150 863 1165 Deo

489 1178 529 1194 pure
536 1178 554 1189 ac
562 1173 617 1192 libere,
625 1173 706 1189 ferventer
713 1178 731 1189 ac
742 1173 802 1194 integre
811 1176 861 1190 vacet.

505 1198 593 1219 Propterea,
597 1198 639 1218 qnod
647 1198 664 1213 in
671 1198 736 1214 exordio
743 1198 824 1215 hodierum
831 1199 863 1220 epi-

489 1223 533 1239 stolas
545 1223 567 1238 ait
579 1223 594 1238 S.
606 1222 679 1241 loannes,
690 1222 740 1239 Omne
752 1224 794 1244 quod
807 1226 862 1240 natum
873 1229 935 1242 {laun-v.

489 1250 514 1263 est
521 1252 540 1263 ex
548 1247 585 1265 Deo,
590 1247 640 1263 vincit
647 1247 734 1268 mundum;
741 1248 862 1269 intelligendum
869 1247 879 1257 ι

489 1274 514 1288 est
521 1274 598 1293 quantum
608 1272 628 1287 ad
637 1272 708 1292 primum
717 1273 784 1293 gradum
792 1276 862 1290 contem-

490 1297 538 1313 nendi
545 1297 642 1317 odiendique
650 1297 732 1313 mnndum.
738 1297 771 1313 Non
779 1298 822 1314 enim
830 1303 863 1314 om-

490 1327 519 1337 nes
529 1326 558 1342 per
567 1321 616 1337 fidem
626 1323 642 1337 et
651 1321 733 1338 caritatem
742 1326 762 1338 ex
772 1322 804 1338 Deo
812 1323 863 1339 renati

785 1356 801 1369 ³5
