1079 1569
142 740 146 752 Ι
150 741 176 752 Cor.
180 744 201 754 ιιιι,

136 757 188 771 ιιι-ῃ.

143 839 173 850 lau.
178 840 188 850 a.

145 1234 192 1245 mam

209 121 240 138 ³46

411 126 485 139 mmm
495 126 627 141 numouacnsmss.
638 130 658 133 ····

669 126 718 138 fimo
729 126 784 138 ΡΝΙΙἹΒ

209 169 269 185 tatione
283 169 360 190 ipsorum*
374 169 441 190 Insuper
452 171 468 185 te
483 169 552 190 inquire,
564 174 584 185 an
592 168 644 185 Aaou
657 169 712 189 palpes
725 171 740 184 w
752 169 811 189 ipsum,
823 173 853 184 nec
867 168 883 184 in
897 167 963 183 earimie
973 169 992 183 te

209 194 305 215 temporales
317 194 381 210 divitius
394 194 482 210 inordinate
493 199 525 210 non
537 199 585 215 appe-

209 220 239 237 tas,
254 223 284 234 nec
298 219 367 240 amplius
383 224 444 239 queras
459 224 507 240 quum
523 218 584 239 indiges

209 245 225 259 et
235 245 263 259 tuo
272 244 320 259 statui
330 243 409 264 congruit,
417 243 479 264 tibique
489 243 555 264 expedit
565 243 584 259 nd

209 267 328 288 proficiendum
343 268 359 284 in
375 268 486 289 spiritualibus
501 268 553 286 bonis,
568 268 584 283 in

209 292 237 308 Dei
250 292 327 313 obsequio
339 297 358 308 ac
370 292 461 308 virtutibus⁴
474 293 550 308 Praeterea
562 292 585 308 in-

209 317 254 337 spice
263 322 283 333 an
295 317 314 333 ad
325 317 352 333 Dei
364 317 457 333 servitutem
467 317 489 333 sis
499 317 556 335 alacer,
565 317 584 332 ad

209 342 292 360 orandurn,
299 342 319 357 ad
327 341 461 362 frequentandum
468 341 559 360 ecclesiam,
565 341 584 357 ad

209 366 307 382 audiendum
319 371 407 385 sermones,
421 371 450 382 nec
462 368 526 387 ternpus
538 368 584 381 tuum

209 391 307 407 infructuose
318 391 398 412 expendas
410 391 483 412 potando,
492 391 583 410 fabulando,

209 416 308 434 dormiendo,
319 418 359 436 ete.;
372 421 392 432 ιιι
404 416 453 432 etiam
465 415 535 431 carnales
548 420 584 431 con-

210 440 317 461 cupiscentias
331 440 410 461 reprimas
424 442 440 456 et
454 445 552 461 compescas.
567 440 583 456 Si

612 198 647 209 esse
657 193 744 209 arbitreris⁴

631 218 710 239 Amplius,
719 220 759 234 teste
766 218 846 239 Αροειοιο,
854 218 912 233 caritas
919 217 990 233 aliorum
1003 222 1036 233 ism
1043 231 1044 235 ,

612 243 713 264 prosperitati
725 248 757 259 non
770 243 835 261 invidet,
846 243 874 258 sed
885 242 976 262 congaudet
985 246 990 257 :
998 239 1007 249 ⁸*

612 268 654 283 sicut
666 268 710 283 enim
722 268 803 288 proximos
817 268 870 288 diligit
881 269 958 287 tanquam
970 271 991 282 se

612 292 671 313 ipsum,
684 293 707 308 sic
719 292 758 308 facit
769 292 811 308 bona
824 292 893 308 alioruin
907 292 957 307 amari
970 294 991 307 ut

612 317 682 337 propria,
690 319 706 333 et
714 317 755 333 mala
765 322 820 333 eorum
830 317 884 333 dolere
893 319 941 337 atque
950 316 991 332 vita-

613 346 629 357 re
637 343 655 357 ut
662 342 727 362 propria
734 342 780 357 mala.
787 342 900 357 Verumtamen
907 341 921 357 si
928 341 991 361 aliquis

612 368 715 387 prosperetur
727 366 835 387 temporaliter
850 368 905 382 eontra
919 365 991 381 salutem

612 391 669 407 animm
678 396 716 409 sum,
724 391 841 407 eondolendum
850 393 874 406 est
882 391 903 409 ei,
912 390 928 406 in
937 395 991 411 quan-

612 417 645 431 tum
659 416 686 431 illa
697 416 794 436 prosperitas
804 418 829 432 est
839 416 871 431 sibi
881 415 944 431 occasio
954 415 990 430 eul-

612 445 636 461 pae
648 445 667 456 ac
679 440 822 459 condemnationis,
835 445 867 456 non
879 440 897 456 in
909 442 990 460 qnantum

210 465 258 485 igitur
268 465 331 480 nullum
340 465 356 481 in
365 467 381 481 te
391 465 457 481 mortale
467 466 550 485 peccatum
561 465 584 480 in·
592 465 604 481 B
612 467 636 480 est
643 465 703 481 bonum
711 465 791 485 quoddam
799 465 832 481 sive
840 465 991 486 prosperitasque>-

209 489 278 508 veneris,
287 490 313 505 sed
323 490 390 505 virtutes
400 489 432 505 illis
442 489 534 508 contrarias,
542 489 585 505 sieut

209 514 267 534 partim
276 514 310 534 jam
320 516 380 530 tactum
390 516 420 532 est,
428 514 491 530 confide
500 516 515 529 te
524 518 559 529 esse
567 514 584 529 in

209 538 272 554 Christo
282 541 298 554 et
307 539 378 557 caritate,
386 541 401 554 et
409 539 441 554 Deo
450 538 508 559 gratias
518 543 553 558 age.
561 540 584 553 te-

209 567 240 584 que
248 563 319 583 custodi;
327 563 341 579 si
349 567 387 579 vero
395 563 414 579 de
422 563 475 583 aliquo
483 562 546 578 mortali
554 562 584 578 tihi

209 592 226 603 es
238 588 312 604 conscius
327 590 398 608 peccato,
411 592 448 604 mox
461 589 494 603 toto
508 587 556 603 corde
568 589 584 603 te

209 612 244 633 ejus
255 612 336 633 poeniteat,
344 613 408 628 veniam
419 612 439 628 eb
449 612 530 628 Altissimo
541 614 583 632 pete,

209 637 332 656 consessionem,
345 637 470 653 satisfactionem
482 639 498 652 et
510 636 584 652 ernenda-

209 662 269 677 tionem
280 666 356 682 propone.

229 686 308 704 Secundo,
320 686 394 702 facienda
408 688 432 702 est
444 686 540 702 examinatio
554 686 584 701 ista

208 710 253 731 juxta
263 711 351 727 doctrinam
362 711 432 731 Apostoli
443 711 459 726 in
470 710 543 731 praesenti
551 710 584 731 epi-

209 735 254 754 stola,
261 736 277 751 in
285 740 316 756 qua
324 737 369 751 aetus
377 737 393 751 et
400 736 505 756 proprietates
514 735 584 751 eni-itatis

612 490 655 505 niam
666 494 685 505 ex
696 489 751 506 divina
763 490 863 506 ordinatione
872 490 916 510 justo
925 489 991 509 judicio

611 514 670 530 accidit
680 515 700 530 eii
711 515 747 530 Ideo
758 514 780 530 ait
791 514 873 530 Psalmista
881 519 885 530 :
893 514 927 530 Noli
939 519 991 530 aemu-

1001 520 1019 531 Ρι.
1022 523 1047 531 mv.

612 539 640 555 lari
651 539 667 554 in
679 539 808 559 malignantibus,
816 544 869 560 neque
878 539 955 554 zelaveris
965 537 1006 554 fast·

612 564 672 579 cientes
683 563 789 584 iniquitatem.
798 564 863 579 Discnte
873 563 922 584 igitur
930 565 990 579 temet-

612 589 671 609 ipsum,
687 593 707 604 an
725 589 744 604 de
761 589 829 604 aliorum
847 588 951 609 prosperitate
968 593 990 603 ac

612 613 684 634 profectu
696 613 712 629 in
723 613 838 634 temporalibus
849 618 867 628 ac
877 613 991 633 spiritualibus

612 637 715 653 contristeris.
724 637 790 656 Quidam
800 639 860 656 autem,
871 637 945 658 quamvis
954 642 990 653 non

612 662 644 677 sint
658 662 697 677 adeo
712 662 787 678 malitiosi
803 664 821 677 ιιι
835 662 855 677 de
869 662 936 677 aliorum
952 666 991 682 pro—

612 686 687 707 speritate
697 686 780 702 tristentur
790 687 806 702 in
816 688 894 707 quantum
904 688 928 702 est
939 686 991 707 quod-

612 711 648 726 dam
656 711 717 726 bonum
725 711 836 729 illorum,inde
844 713 897 726 tamen
905 711 991 726 tristantur

612 736 700 751 seeundum
712 735 755 756 quod
765 735 889 756 apprehendunt
899 735 942 751 illam
953 739 991 755 pro-

209 760 278 776 deelarat
289 760 379 781 Apostolus.
392 760 408 776 Si
423 764 460 780 ergo
472 760 496 775 vis
510 760 552 775 scire
564 764 583 775 an
593 759 604 775 C
612 760 704 780 speritatem
713 762 730 775 ut
737 760 762 776 sui
771 760 822 781 ipsius
832 760 911 778 nocivam,
919 759 949 775 hoc
957 762 989 778 est,

209 785 231 800 sis
242 785 258 800 in
269 785 331 800 Christo
342 787 358 800 et
367 785 437 803 caritate,
446 784 526 805 perpende
537 789 557 800 an
567 784 584 799 in

209 811 225 825 te
235 814 271 825 vere
282 809 370 825 eonsistant
380 814 415 829 quaa
426 809 510 830 Apostolus
522 808 583 824 caritati

209 834 287 849 attribuit.
299 834 364 852 Caritas,
376 834 434 854 inquit,
447 833 508 854 patiens
519 835 548 849 est.
559 833 584 848 Vi-

210 859 229 874 de
238 863 258 874 an
268 863 305 874 vere
318 858 340 874 sis
350 858 417 879 patiens,
426 863 446 874 an
455 858 475 874 de
486 858 545 878 injuria
554 857 584 873 tibi

210 883 253 899 illata
270 888 302 899 non
319 883 417 899 contristeris
433 887 463 898 nec
480 882 583 903 perturberis,

209 912 239 923 nee
246 907 323 923 ultionem
332 907 421 923 inordinate
431 907 510 928 exquiras.
519 907 584 922 Verum-

208 934 260 948 tamen
273 932 286 948 si
296 932 355 952 aliquis
365 932 485 947 eontristaretur
495 932 515 947 de
525 931 585 951 injuria

208 956 239 972 sibi
254 957 301 975 lacta,
314 961 346 972 non
361 957 378 972 in
393 958 471 977 quantum
486 958 510 972 est
523 956 584 971 directe

208 984 263 997 contra
275 986 321 997 suain
333 985 423 1002 personam,
437 981 465 996 sed
478 981 494 996 in
505 982 583 1001 quantum

208 1008 233 1022 est
246 1006 274 1022 Dei
286 1006 366 1022 offensiva
377 1010 396 1021 ac
410 1005 526 1024 inhonorativa,
539 1007 555 1020 et
567 1005 583 1020 in

208 1030 326 1051 derogationem
338 1030 409 1050 Justitim,
419 1032 467 1050 atque
478 1030 494 1045 in
506 1030 583 1045 damnum

613 784 629 800 in
636 786 714 805 quantum
723 789 752 805 per
759 784 823 800 illorum
832 784 990 805 prosperitatem.ex-

613 809 703 825 cellentiam
717 811 733 825 et
746 809 842 830 profectui-n,
856 809 967 830 impediuntur
979 814 989 824 a

612 834 696 854 temporali
704 834 809 854 promotione,
815 834 875 850 honore
882 838 911 849 seu
918 838 990 849 commo-

613 858 666 876 ditate,
675 858 694 874 ad
704 863 740 879 quoe
751 858 774 874 illi
785 858 854 879 aptiores
864 860 902 874 sunt
911 858 951 878 ipsis
959 863 963 874 τ
972 860 990 874 et

612 883 642 898 hoc
652 883 672 898 ad
682 883 759 898 invidiam
770 883 844 903 pertinet.
853 883 869 898 Si
879 887 917 903 ergo
927 882 989 898 malum

612 907 642 923 hoc
650 907 679 923 tihi
691 907 743 923 inesse
752 907 855 928 compereris,
864 907 933 923 caritatis
941 909 957 922 te
964 912 990 922 es-

612 937 629 948 se
642 934 723 952 expertem
736 936 817 952 cognosce.
831 932 868 950 Sed,
881 931 924 947 heul
937 931 989 952 pestis

612 956 646 972 luec
658 956 728 977 pessima
740 956 795 972 inultis
807 956 879 975 inhaeret,
893 960 922 971 nec
934 958 988 971 tamen

612 981 701 997 advertunt.
714 981 775 1001 Nempe
787 981 801 996 si
813 980 883 996 viderint
895 981 988 1001 quempiam

611 1010 660 1026 quern
673 1005 729 1026 praeire
742 1005 838 1023 desiderant,
847 1005 910 1023 cadere,
919 1005 988 1026 despici,

611 1035 640 1046 seu
647 1030 739 1046 infortuniis
745 1030 877 1050 agi,gratulantur
883 1030 932 1050 magis
940 1035 988 1050 quarn

207 1055 265 1071 animae
278 1055 375 1075 injuriantis,
386 1055 416 1071 hoc
428 1059 460 1070 non
471 1056 513 1070 esset
522 1054 583 1070 caritati
591 1055 604 1071 Ι)
611 1054 728 1075 compatiantur
739 1059 743 1070 t
754 1054 796 1075 quod
807 1054 916 1075 periculosum
927 1056 952 1070 est
961 1059 987 1070 ve-

208 1079 311 1098 oontrarium,
324 1079 352 1095 sed
364 1084 405 1095 verm
420 1079 490 1095 caritatis
503 1078 583 1094 virtuosus

208 1101 281 1120 effeetus.
296 1104 312 1120 Si
327 1108 365 1124 ergo
378 1108 438 1124 pronus
451 1108 468 1119 es
480 1103 499 1119 ad
512 1103 583 1124 indigna-

209 1129 275 1148 tionem,
283 1129 303 1144 ad
311 1129 357 1147 iram,
365 1128 385 1144 ad
393 1128 514 1149 impatientiam,
522 1128 542 1143 ad
550 1128 584 1143 vin-

210 1154 275 1172 dictam,
290 1154 329 1169 time
343 1156 359 1169 te
374 1153 390 1169 in
405 1153 470 1169 caritate
484 1157 516 1168 non
531 1157 566 1168 esse
579 1157 582 1168 :

210 1179 243 1194 irno
255 1178 296 1194 scias
310 1180 326 1194 te
338 1178 354 1194 in
369 1178 433 1194 caritate
448 1182 483 1193 esse
496 1179 524 1193 aut
536 1177 583 1195 nihil,

210 1205 238 1219 aut
247 1203 334 1219 modicum.
345 1202 404 1219 Caritas
414 1203 484 1221 demum,
495 1202 584 1218 secundum

210 1227 309 1248 Apostolum,
318 1227 386 1248 benigna
393 1229 422 1243 est.
431 1227 516 1243 Considera
523 1231 561 1247 ergo
568 1228 584 1242 ω

211 1252 270 1273 ipsum,
282 1257 303 1268 an
317 1252 388 1267 clemens
402 1252 424 1267 sis
437 1253 453 1267 et
465 1251 517 1267 facilis
532 1251 583 1267 indul-

210 1281 252 1297 gere.
263 1276 279 1292 Si
289 1279 342 1292 nutem
354 1276 371 1292 in
383 1276 430 1292 corde
443 1278 495 1297 portas
508 1275 584 1296 injuriam

210 1301 240 1317 tibi
248 1301 314 1319 illatam,
323 1303 339 1316 et
346 1305 415 1319 amarus,
425 1300 554 1321 indignabundus
562 1302 584 1315 nt-

211 1331 242 1348 que
254 1330 319 1342 aversus
330 1330 347 1341 es
359 1325 380 1341 ab
392 1329 411 1341 eo
423 1325 451 1346 qui
463 1325 493 1341 tibi
505 1324 583 1343 forefecit,

611 1079 700 1098 hementer,
708 1081 725 1095 et
734 1083 775 1095 verae
785 1084 803 1094 ae
814 1079 894 1099 spirituali
904 1079 986 1094 dilectioni

611 1104 714 1119 contrarium.
730 1104 815 1124 Fugiamus
829 1108 866 1124 ergo
881 1104 911 1119 hoc
926 1103 986 1119 rnalum

611 1128 711 1149 pestiferum.

631 1153 703 1173 Insuper,
714 1152 781 1168 docente
793 1152 874 1173 Apostolo,
885 1152 942 1168 caritas
953 1157 985 1168 non

999 1158 1003 1169 ι
1009 1158 1030 1169 (ω
1035 1161 1047 1168 μ.

611 1179 635 1193 est
645 1177 734 1193 ambitiosa⁴
744 1177 784 1193 Ecce
795 1179 811 1193 et
822 1177 849 1193 hio
860 1177 941 1193 examinet
950 1177 985 1197 qui·
994 1175 1005 1185 ³-

611 1202 651 1217 libet
662 1206 680 1217 se
692 1202 751 1222 ipsum,
763 1206 805 1217 anne
816 1201 909 1217 ambitionis
922 1202 986 1217 fatuitas

611 1226 642 1242 sibi
655 1226 736 1244 inhaereat,
749 1231 769 1242 an
781 1226 801 1241 ad
812 1226 874 1244 officia,
886 1226 906 1242 ad
918 1226 985 1242 honoros

611 1251 686 1271 adspiret,
694 1255 714 1266 an
722 1250 798 1266 fratribus
806 1250 860 1278 cupiet
867 1251 956 1271 praesidere
963 1255 984 1266 ιιι

611 1275 700 1294 Absalonis,
713 1275 745 1291 irno
757 1277 773 1291 et
785 1275 833 1296 primi
849 1275 893 1291 illius
905 1277 984 1296 apostata

611 1300 638 1320 qui
649 1302 673 1315 est
683 1304 711 1315 rex
722 1304 770 1320 super
780 1304 835 1316 omnes
846 1299 890 1316 filios
901 1300 999 1323 superbit,

612 1324 662 1345 magis
677 1329 725 1345 quarn
739 1324 803 1343 Christi,
816 1324 837 1340 sit
851 1324 900 1341 filius.
914 1325 926 1341 Ο
937 1329 986 1346 qum

998 1281 1047 1308 ιιι

994 1314 1048 1340 ΙΙᾸΑιιΐ

970 1349 1006 1361 *³4
