1079 1569
168 1161 194 1172 Aet*
199 1164 213 1174 n.
217 1162 234 1172 aa.

244 123 275 139 516

399 128 472 141 nummuli
484 129 571 140 rar-tranunt.
581 133 602 135 —
612 129 633 140 au
643 128 740 144 ιειιαιοςοες
750 128 800 140 sunno
810 128 866 140 sxst

246 175 277 186 non
289 171 352 187 suffieit
361 174 419 187 cuncta
430 171 523 192 temporalia
534 171 550 187 iu
560 171 620 187 mundo
627 171 640 187 A
671 171 712 187 Ecce
723 176 771 192 quam
784 171 890 192 apertissime,
903 170 1005 186 districtissime

245 195 351 216 relinquendo
366 196 385 212 nd
401 196 492 212 coenobium
510 196 591 214 accedere,
606 196 620 211 si

245 224 290 235 mens
298 220 388 236 miserrima
395 221 456 241 appetit
463 225 498 241 quie
506 220 576 241 reliquit,
583 220 620 236 Ideo

245 244 300 260 nullus
306 245 372 261 omuino
377 245 438 266 aliquid
446 247 509 265 langore
517 245 543 261 vel
551 245 619 261 retinere

244 269 335 289 aliqualiter
342 270 404 288 audeat,
408 274 474 285 censum
482 272 509 285 aut
516 269 619 288 obolum,seu

244 293 288 309 aliud
300 294 413 315 quodcumque
426 294 517 313 minimum,
528 299 619 315 quanquam

244 323 254 334 a
263 323 317 334 sorore
327 321 354 334 aut
364 321 413 335 matre
423 319 498 334 mittatur*
507 319 533 335 Sic
543 323 620 339 sponsum

243 343 298 358 Iesum
306 343 400 364 adstringite
408 343 489 359 mentibus
498 344 542 364 puris
552 348 561 359 a
571 345 620 359 terre-

244 372 301 383 norum
310 368 409 388 contagione,
417 368 493 389 quoniam
501 373 555 384 secum
566 368 583 384 in
592 368 619 384 ha-

244 391 321 408 bitatione
331 392 371 408 nihil
381 393 459 413 permittit
468 397 503 408 esse
513 395 599 408 terrenum,

264 416 343 437 Deinceps
354 417 371 432 B.
381 417 480 437 Augustinus
492 417 508 432 in
520 417 587 437 epistula
599 417 618 432 sd

244 441 353 457 Sammianum
361 441 413 462 inquit
421 446 424 457 :
433 442 471 457 Rem
479 442 576 462 peculiarem
585 446 619 457 om-

647 200 666 211 ac
675 195 812 212 abundantissime
822 196 873 211 sancti
880 195 933 211 Patres
940 196 1006 211 eunomii*

648 222 672 236 ter
679 220 796 241 prohibuerunt
803 220 885 241 peculium
894 220 928 236 sive
938 220 1007 241 proprium

648 244 687 265 quid
698 244 761 260 habere.
772 245 811 260 Nam
822 247 880 265 proeter
889 244 929 260 vitia
939 244 959 260 ab
967 245 1007 264 Augu-

648 269 690 285 stino
699 271 744 288 tacta,
753 274 772 285 ex
782 269 846 290 peculio
853 269 928 285 oriuntur
934 269 1007 286 contentio,

648 293 719 312 rebellio,
731 294 821 312 curiositas,
833 293 924 309 sollicitudo
934 293 1006 314 superflua

648 318 732 339 multiplex
744 318 832 337 dissolutio,
840 318 884 334 varia
895 318 953 334 mentis
964 318 1007 334 dism-

647 343 684 362 clio,
699 343 760 362 acedia,
776 343 869 364 pamelius,
886 343 952 364 crapula
965 348 969 359 t
981 348 1007 363 qua

647 368 701 383 omnia
715 368 763 383 statui
777 368 865 384 monastico
880 367 1007 383 vehementissime

647 392 768 408 monor-riantur.
777 392 830 412 Longe
839 396 878 412 ergo
887 394 903 407 et
912 392 929 407 iu
938 392 1007 407 infinitum

647 416 693 437 louge
707 422 716 432 a
731 417 777 432 nobis
791 417 813 432 sit
827 417 857 432 hoc
869 416 927 432 vitium
942 416 1007 432 detestan-

647 441 694 461 dum;
704 443 720 457 et
731 441 810 462 quidquid
819 441 839 457 ad
849 441 903 462 ipsum
914 441 980 462 disponit
987 443 1008 456 aut

244 466 282 481 nino
294 465 337 486 fuge.
348 466 387 482 Vide
399 466 454 487 quanti
466 468 482 482 et
492 466 548 487 quales
558 466 578 482 de
588 466 618 482 hoe
628 466 639 482 B
647 466 765 487 appropinquat
777 466 852 484 vitemus,
863 466 944 483 videlicet,
955 465 985 481 sine
994 465 1008 481 li·

243 490 320 511 pestifero
332 490 388 506 morbo
401 490 515 511 peculiaritatis
530 491 617 511 perierunt.

243 515 266 530 De
276 515 391 535 peculiaritatis
402 520 471 536 namque
482 515 534 531 radice
545 515 619 531 oriuntur

243 539 277 555 hmo
290 540 328 555 vitia
339 544 342 555 :
353 540 434 560 superbia,
445 540 558 559 inobedientia,
568 540 618 556 avari-

243 564 271 582 tia,
277 569 317 580 vana
325 564 381 584 gloria,
389 564 472 583 voracitas,
481 564 588 583 mendacium,
597 564 618 580 lo-

244 589 316 609 quacitas
325 591 373 609 atque
383 588 450 605 lux'uriu.
459 589 506 605 Illum
516 589 582 605 modum
592 589 618 605 ha-

243 613 292 629 bendi
302 613 383 634 peculium
391 618 430 629 voco
438 613 512 629 morbum
522 614 617 634 pestiferum

243 639 259 653 et
270 637 383 654 illecebrosum
394 643 398 654 ς
409 643 457 659 quem
470 640 486 654 te
496 640 558 659 oportet
570 638 618 654 relin-

242 667 297 683 quere,
306 662 319 678 si
331 667 363 678 nou
373 662 398 678 vis
409 662 524 679 beatitudinem
535 663 618 684 sempiter-

242 692 279 703 nam
289 687 366 703 amittere.
378 687 400 703 De
412 687 442 703 hoc
454 692 518 708 quoque
530 687 546 703 in
559 687 618 708 Regula

242 712 327 732 Augustini
336 712 390 732 aliqua
399 712 476 728 notabilia
484 712 592 731 continentur,
600 712 617 728 in

241 738 304 752 tanturn
311 738 329 752 ut
336 736 383 752 etiarn
391 738 443 752 vestes
451 737 467 752 in
474 736 527 757 aliquo
535 737 570 752 loco
577 741 618 752 eom-

647 490 699 506 centia
709 491 747 506 dare
757 490 783 506 vel
794 490 871 511 recipere,
882 490 957 511 epistolas
966 490 1007 506 ruine-

646 520 669 533 re,
683 517 710 531 aut
725 515 782 531 missas
796 515 858 536 aperire
873 520 892 531 ae
906 515 962 535 legere.
973 515 1008 533 Quod

647 540 663 555 in
675 540 735 560 Regula
746 539 831 560 Augustini
844 541 876 555 tam
889 544 954 555 enorme
965 544 1008 555 cense-

646 566 677 583 tur,
690 566 708 580 ut
722 564 784 580 dicatur
797 564 858 580 ibidem
872 568 875 579 :
889 564 984 584 Quicumque
996 564 1008 579 ia

645 591 708 604 tanturn
720 593 814 609 progressus
826 588 874 604 fuerit
886 589 952 607 malurn,
964 590 980 604 ut
989 593 1008 604 oe—

646 613 688 629 eulte
696 613 716 629 ab
724 613 779 634 aliquo
787 613 847 629 litteras
855 613 880 629 vel
888 613 953 634 aliquod
961 618 1008 629 munus

646 638 730 659 acceperit,
743 638 757 654 si
771 638 802 653 hoc
816 638 858 654 ultro
873 642 902 654 seu
915 640 970 658 sponte
980 642 1008 653 eoa·

646 662 706 681 litetur,
717 664 791 683 pareatur
801 662 822 681 ei,
832 664 849 678 et
860 664 914 678 oretur
926 667 956 683 pro
966 667 990 681 eo:
998 662 1008 677 si

645 689 699 703 autem
709 687 835 708 deprehenditur
845 689 861 703 et
871 687 975 705 oonvincitur,
982 691 1008 707 gn-

645 712 681 727 vius
689 712 777 727 secundum
784 711 869 727 arbitrium
877 712 958 733 praspositi
965 716 1009 727 emen-

645 736 696 752 detur.

242 761 287 777 muni
298 761 328 777 sub
339 765 371 777 uuo
382 761 448 777 custode
458 761 545 781 jubeantur
556 761 616 780 haberi,
625 760 636 776 C
665 761 697 777 Nec
705 761 757 777 solum
764 761 875 781 relinquamus
883 766 909 777 res
916 761 1009 782 ipsa-effide:

241 791 262 801 ne
269 786 324 806 aliqua
331 786 379 801 vestis
387 786 441 807 potius
448 786 521 802 videatur
528 791 563 802 esse
571 786 617 802 unius
623 799 627 801 ,

242 815 290 831 quam
302 810 372 826 alterius.
381 811 411 826 Sed
423 813 439 826 et
449 810 517 827 Basilius
529 811 552 826 ait
562 811 579 826 in
589 811 617 827 Re-

241 835 279 855 gula
291 840 320 851 sua
332 840 336 851 z
349 835 365 851 Si
378 835 414 856 quis
429 835 470 851 inter
482 835 544 851 Fratres
556 835 617 856 aliquid

242 864 289 875 suum
297 864 332 875 esse
340 860 384 878 dicit,
392 860 453 881 absque
461 860 511 876 dubio
519 860 590 875 alienum
600 865 617 876 se

241 884 280 900 facit
290 884 310 900 ab
321 884 376 900 electis
387 884 415 900 Dei
426 886 442 900 et
452 884 517 900 caritate
528 884 592 900 Christi.

261 909 347 928 Postremo,
355 909 375 925 do
383 909 413 925 ista
424 909 490 925 materia
500 909 551 925 multa
561 909 577 925 in
588 909 616 925 Re-

241 933 279 954 gula
289 934 304 949 S.
315 933 396 949 Benedicti
407 933 492 952 habentur,
502 938 534 954 quo
545 934 615 954 legitur:

241 958 322 979 Praecipue
334 958 364 974 ltoe
376 958 432 974 vitium
448 958 548 979 proprietatis
560 958 616 974 radici-

241 985 266 998 tus
278 983 297 998 de
310 983 406 999 monasterio
416 985 514 1003 amputetur,
525 988 546 999 ne
557 983 616 1004 aliquis

241 1010 327 1028 praesumat
339 1007 400 1028 aliquid
411 1007 449 1023 dare
459 1007 485 1023 vel
497 1007 570 1028 accipere
581 1008 615 1023 siue

240 1032 313 1052 iussione
329 1031 397 1050 abbatis,
412 1036 465 1053 neque
480 1032 539 1048 habere
554 1032 615 1053 aliquid

645 786 742 802 inordinatas
750 786 846 807 cupiditates
854 790 916 805 earum,
923 788 940 802 et
948 785 1009 802 affectio-

645 815 673 826 nes
684 810 795 826 immoderatas
805 810 825 826 ad
835 815 911 826 concessa
918 815 947 831 pro
955 815 982 826 usu
988 814 1009 826 no-

644 837 681 851 stro.
686 835 730 851 Unde
736 837 752 851 et
759 835 776 850 iu
782 835 835 856 primo
842 835 947 851 Collutiouum
954 834 1010 851 volumi

644 864 665 875 ne
673 860 722 876 abhas
732 860 787 875 Daniel
797 860 819 875 ait
828 865 831 876 :
839 860 873 876 Jam
883 860 923 875 illud
932 860 1009 876 ridiculum

644 884 712 905 qualitor
721 885 826 905 exprimatur,
835 885 878 905 quod
889 885 972 901 nonnullos
981 886 1009 905 posi

644 909 700 930 primae
711 909 834 925 renuntiationis
845 910 918 925 ardorem
930 911 973 925 tanto
984 914 1009 924 eer-

645 933 698 949 nimus
710 934 763 949 studio
775 938 804 949 seu
816 936 848 950 tam
860 934 918 950 vitioso
929 934 986 950 affectu
995 933 1009 949 in

644 958 669 974 his
680 963 716 979 quae
727 958 743 974 in
753 958 811 974 Ordine
822 960 905 979 nequeunt
915 958 974 977 haberi.
981 963 1009 974 esse

644 983 714 999 devictos
721 983 801 1004 (quamvis
809 983 837 999 illa
844 983 876 999 sint
883 988 932 1004 parva
941 988 960 999 ao
967 983 1009 1002 vilia).

644 1009 662 1023 ut
674 1008 731 1023 horum
743 1012 781 1023 cura
793 1008 866 1023 omniurn
880 1008 982 1028 pristinarum
992 1007 1009 1022 la-

644 1032 721 1048 eultatum
728 1034 805 1053 superent
813 1032 909 1053 passionem,
916 1032 947 1048 hoc
954 1032 1010 1049 est,im-

241 1057 331 1078 proprium,
339 1056 400 1072 uullam
408 1056 474 1072 omnino
482 1061 522 1075 rem,
531 1061 583 1078 neque
590 1062 616 1073 co-
623 1057 636 1073 D
644 1057 751 1073 moderantius
762 1057 781 1072 ad
793 1057 823 1072 ista
833 1057 926 1073 afficiantur
936 1059 971 1078 post
980 1056 1008 1072 rrli-

241 1081 299 1100 dieem,
310 1086 362 1102 neque
374 1081 451 1099 tabulam,
462 1086 513 1102 noque
524 1082 615 1102 graphium,

241 1106 269 1122 sed
277 1106 318 1122 nihil
326 1106 391 1122 omniuo
395 1106 462 1126 (quippe
470 1111 499 1121 nec
507 1110 574 1127 corpora
581 1111 615 1125 sua,

242 1135 272 1146 nec
286 1131 375 1147 voluntates
391 1130 429 1146 licet
444 1130 503 1146 habere
519 1131 535 1146 in
551 1131 616 1152 propria

242 1155 335 1176 potestate„
343 1156 370 1171 sed
380 1155 435 1171 omnia
444 1155 519 1171 omnibus
531 1155 563 1171 sint
574 1160 616 1171 com-

242 1180 302 1196 munia.
311 1180 369 1196 lterum
380 1180 402 1196 ait
411 1180 427 1195 in
438 1180 497 1200 Regula
508 1184 511 1195 :
521 1180 615 1196 Nullalenus

241 1205 289 1220 liceat
296 1204 374 1220 monacho
380 1209 433 1225 neque
440 1209 449 1220 a
456 1204 554 1225 parentibus,
563 1210 615 1225 neque

241 1234 250 1245 a
261 1234 342 1250 quoquam
357 1229 447 1248 hominum,
459 1234 489 1245 nec
501 1229 532 1245 sibi
545 1229 615 1245 invicem

241 1254 307 1273 litteras,
315 1254 340 1270 vel
350 1253 426 1274 eulogias,
434 1254 459 1269 vel
470 1254 547 1274 quaslibet
557 1259 614 1270 munu-

240 1279 286 1295 scula
293 1279 330 1294 dare
337 1278 363 1294 vel
373 1278 446 1299 accipere
454 1278 489 1294 sine
495 1278 568 1299 jussione
576 1284 615 1300 prm-

240 1304 312 1320 sidentis.
320 1303 369 1320 Multa
378 1303 438 1319 similia
447 1303 503 1319 scribit
513 1303 614 1320 beatissimus

241 1329 286 1345 Pater
296 1329 322 1345 hic
333 1329 452 1345 monachorum.

643 1082 695 1102 gionis
707 1082 829 1102 professionem,
842 1086 890 1102 quarn
905 1081 1010 1098 afficiebantur

642 1106 662 1122 ad
670 1106 720 1122 multa
728 1108 744 1122 et
751 1111 808 1127 magna
816 1106 832 1122 in
840 1106 907 1122 saeculoz
914 1106 974 1125 Quibus
981 1110 1009 1127 pm

643 1131 685 1147 lecto
695 1135 727 1147 nou
738 1131 809 1152 proderit
819 1131 888 1147 multum
900 1131 969 1152 majores
978 1135 1009 1151 opes

642 1160 661 1171 ac
668 1155 773 1171 substantiam
780 1155 862 1171 dimisisse
869 1160 887 1171 ac
895 1156 1008 1176 contempsisse.

642 1180 681 1201 quia
690 1180 757 1196 arrectus
766 1185 822 1196 earum
829 1180 850 1196 ob
857 1185 898 1201 quos
906 1180 1009 1201 exstirpandos

643 1205 675 1221 illae
685 1205 754 1225 majores
765 1209 803 1225 opes
814 1207 852 1221 sunt
862 1205 986 1223 contemnende,
995 1204 1007 1220 in

643 1234 668 1245 res
682 1234 738 1250 parvas
753 1231 800 1250 atque
815 1229 880 1250 exiguas
894 1230 1007 1245 transtulerunt

642 1254 681 1270 Nam
691 1254 749 1270 vitium
762 1254 854 1275 cupiditatis
865 1256 880 1270 et
890 1254 961 1270 avaritie
973 1253 1008 1275 quod

642 1284 679 1299 erga
688 1279 757 1299 pretiosa
766 1284 841 1295 exercere
851 1284 882 1295 nun
893 1282 966 1300 possunt,
973 1279 1009 1295 cim

641 1304 706 1319 viliores
716 1304 789 1320 materias
799 1304 891 1322 retinentes,
900 1308 932 1320 non
940 1304 1009 1320 abscidis

642 1333 659 1344 se
669 1328 697 1344 sed
707 1330 814 1344 commutasse
825 1333 842 1344 se
853 1328 922 1349 probant
930 1329 1009 1350 pristinam
