1079 1569
32 645 45 655 n.

198 138 272 150 boumn
283 138 404 150 ssr'nnosssmz.
415 142 435 145 -
445 138 467 150 AB
476 136 574 154 usstifliosos;
586 138 635 150 snnno
645 138 718 150 summus

815 133 844 150 ³07

343 216 431 238 SERMO
448 216 575 238 SEPTIMUS

310 276 332 287 ΒΕ
348 276 451 288 ῑΛυςΠ-Ατῑ

466 276 607 288 sALVANnonuu.

110 331 164 346 ULTI
170 332 209 345 sunt
220 330 278 347 vocati,
284 330 335 349 pauci
345 335 382 345 uero
392 330 443 345 electi.
451 330 464 345 A
472 329 565 350 adimplere,
574 330 625 345 multo
634 330 708 346 videlicet
719 330 754 351 plns
765 330 785 346 ad
795 335 813 346 ea
823 335 847 346 re-

75 364 84 371 ι.
115 355 169 371 Manli.
178 359 204 373 xx,
213 354 237 370 ¹6,

91 379 128 398 Quid
141 379 171 395 hoc
182 379 232 395 verbo
243 379 337 395 horribilius
348 378 379 394 dici
393 379 444 399 potuit

74 404 96 419 rel
105 404 167 420 audirit
175 404 205 420 Sed
215 404 256 420 forte
266 404 302 424 quis
313 403 387 424 opinetur
396 405 412 419 et
421 403 444 419 di-

73 431 100 445 cat.
112 429 192 444 Christum
208 428 244 444 ideo
256 428 286 444 hoe
298 428 365 444 verbum
378 428 443 446 dixisse,

73 453 145 474 quonism
157 453 203 469 valde
216 453 262 468 multi
274 455 312 468 sunt
323 452 403 471 infideles,
416 452 443 473 qni

73 482 125 493 omnes
139 478 240 496 damnantur,
253 477 350 493 Christianos
363 482 401 493 vero
415 481 444 498 pro

74 502 126 523 majori
139 504 183 523 parte
198 507 233 518 esse
247 502 335 518 salvandos,
348 502 413 520 Verum,
427 503 444 517 nt

73 527 100 542 hoc
107 527 182 543 dominus
189 527 243 542 Petrus
251 526 300 542 abhas
307 526 417 542 Cluniacensis
424 529 445 542 te-

73 553 124 570 statur,
136 551 208 567 Christus
218 556 246 572 per
257 551 305 567 verba
317 551 346 567 ista
357 551 444 567 insinuavit

73 580 102 592 non
114 576 146 592 nisi
159 580 218 597 paucos
228 576 327 592 credentium
338 580 373 592 esse
384 576 444 592 salvan-

73 601 104 619 dos,
112 601 201 622 respective
208 601 292 622 loquendo.
301 601 320 616 Et
328 601 349 617 ita
357 601 443 617 tenendum

73 652 109 666 (rate
117 655 146 671 per
153 652 236 671 angustam
246 652 313 671 portam,
321 650 359 671 quia
369 650 400 666 lata
410 655 445 671 por-

72 677 92 693 ta,
100 677 115 690 et
125 675 194 695 spstiosn
202 675 233 694 vie,
241 680 277 695 quae
287 675 331 690 ducit
340 675 359 690 ad
369 675 444 695 perditio-

72 704 112 718 nem,
121 701 137 715 et
148 699 194 715 multi
205 701 243 715 snnt
254 699 281 720 qui
294 699 354 715 intrant
364 704 393 720 per
403 704 443 715 enm.

71 723 119 741 Ouum
134 726 201 744 angust-s
215 726 265 744 porta,
278 726 294 740 et
308 726 351 739 arcta
365 724 396 743 vis,
409 729 444 745 qua

71 748 114 764 ducit
125 748 144 764 ad
157 749 213 767 vitam,
224 751 239 764 et
251 748 298 769 pauci
310 750 348 764 sunt
360 749 387 769 qni
401 749 444 764 inve-

71 773 116 789 niunt
128 775 176 789 eam!
190 773 251 792 Quibus
263 773 316 789 verbis
331 773 390 789 fatetur
402 773 444 789 viam

70 798 126 813 salutis
135 802 170 813 esse
180 802 212 814 non
223 798 275 814 solum
286 800 351 816 arel-un,
360 798 387 814 sed
397 798 445 814 etiam

71 822 115 838 valde
123 824 239 843 arctam,atque
246 827 256 838 a
263 822 318 843 peucis
326 822 444 838 inveniendam.

71 846 88 862 Et
99 851 119 862 ne
128 847 180 865 adhuc
190 846 290 867 ambigamus
298 847 384 862 Dominum
391 847 445 863 lesum

70 871 150 887 Christum
158 876 187 892 per
194 871 224 887 ista
232 871 298 887 innuere
306 871 347 892 qnod
356 872 403 887 etiam
412 877 446 892 pau-

70 896 84 911 ei
102 895 185 912 salventur
203 896 308 914 credentium,
326 896 445 912 consideremus

472 354 523 374 ligiosi
536 356 615 370 tenentur*
629 354 665 370 ldeo
677 355 745 375 quisque
757 359 784 370 cor
798 359 845 370 suum

471 379 557 397 examinet,
570 384 590 395 an
605 379 671 400 impleat
682 384 706 397 ea,
719 384 739 395 an
753 379 807 395 laudes
819 379 846 395 de-

471 404 534 424 spiciat,
542 404 628 424 opprobria
638 404 700 424 perpeti
711 404 770 425 cupiat,
778 404 845 425 gloriam

471 428 527 449 fugiet,
535 429 629 449 despectum
638 431 719 449 sequatur,
728 433 746 444 ac
756 433 783 444 eos
791 434 800 444 e
810 429 844 450 qui-

471 452 501 468 bus
509 453 597 473 despicitur
604 455 688 469 veneretur
697 458 701 469 ι
710 456 725 469 et
732 454 746 469 si
753 454 845 474 sia—‚gratim

471 480 506 497 ngat
513 477 545 493 Deo
550 482 554 497 ;
564 482 616 498 neque
624 478 692 493 inaniter
700 478 782 498 glorietur,
791 478 804 494 si
813 483 844 494 non

471 502 565 522 ingemiscat
574 506 593 518 eo
603 502 645 523 quod
655 502 726 518 nondum
737 507 773 518 vere
784 503 846 518 christi—

471 531 511 542 anus
526 527 557 542 dici
573 527 654 543 meruerit.
668 527 750 543 Discamus
765 532 802 548 ergo
817 532 846 543 nos

472 551 514 572 ipsos
522 551 629 572 despicere,et
637 552 763 568 consideratione
771 552 846 568 vitiorum

471 576 596 597 defectuumque
606 578 702 595 nostrorum,
711 581 739 592 nos
751 577 793 597 ipsos
803 577 846 593 vilis-

471 601 526 619 simos,
539 601 582 617 omni
598 601 692 617 confusione
705 601 808 622 dignissimus
823 606 846 617 re-

30 629 66 641 mam.
72 627 99 643 est,
108 630 157 646 quum
167 626 199 641 elio
208 626 223 641 in
234 626 269 649 loco
279 625 321 641 dieat
329 625 400 641 Salvator
408 630 412 641 z
420 626 444 641 ln—
452 625 464 640 B
472 627 532 646 putare,
541 628 557 641 et
567 625 588 641 ita
597 630 625 641 nos
634 626 676 646 ipsos
685 626 701 641 in
710 626 742 641 Deo
752 626 818 647 diligere
829 628 846 642 ut

472 650 495 665 sic
506 650 560 666 omnia
570 652 664 671 appetamus
673 655 692 666 ao
703 650 808 667 libentissime
819 656 845 671 pa-

472 675 535 693 tiamur,
544 680 572 695 per
579 679 615 695 qnae
622 679 707 695 possumus
715 680 724 690 a
731 675 801 695 peccutis
809 680 846 696 pur-

471 699 510 720 gari,
516 699 583 720 gratiam
590 699 663 720 adipisci,
670 700 701 715 Deo
709 700 778 720 placere,
784 700 846 716 Christo

472 723 574 742 conformari,
582 726 630 744 atque
637 726 699 740 aeteruae
707 724 814 745 propinquare
822 729 846 740 sa-

472 748 507 767 luti,
520 748 595 764 videlicet
608 753 611 765 :
625 749 748 769 increpationes,
761 749 846 765 correctio-

472 778 505 792 nes,
513 773 605 794 opprobria,
613 775 629 789 et
639 773 670 789 slis
681 774 741 794 qumvis
752 774 818 790 adversa
828 778 846 790 ao

472 798 516 814 carni
528 798 598 814 molesta.

492 823 546 843 ltaque
557 827 576 838 ex
586 823 685 843 praeinduclo
694 823 786 839 testimonio
794 823 846 839 Salva-

472 847 516 866 toris,
523 852 555 868 quo
562 847 618 863 asserit
626 847 684 863 inultos
691 850 755 863 vocatos
762 848 782 863 ad
790 848 845 867 fidem,

472 873 488 887 et
498 876 556 892 paucos
568 871 632 887 illorum
642 872 701 887 electos
711 872 730 888 ad
742 872 814 893 gloriam.
823 872 846 888 in-

472 896 515 917 genti
526 896 636 912 concutiamur
645 900 709 917 psvore,
717 898 733 912 et
740 898 795 912 sancta
804 897 846 913 solli-

30 921 111 941 e.m·,quod
126 920 142 936 in
155 920 198 936 Luca
210 920 268 941 legitur
278 925 282 936 2
293 920 335 936 Dixit
347 922 399 936 autem
411 921 446 941 qui-
453 921 464 937 C
473 921 544 936 titudine
555 921 651 941 repleamur,
661 925 725 936 omnem
738 921 817 941 ignaviam
828 926 847 938 ac

31 941 39 952 4.

69 945 105 961 dam
115 945 136 961 ad
143 945 203 964 lesum,
212 945 284 963 Domine,
293 945 306 961 si
317 945 363 965 pauci
373 947 410 961 sunt
418 945 445 966 qui

69 970 162 986 sslvanturf
169 970 198 988 Oui
207 970 229 985 ait
238 974 241 986 t
250 969 343 986 Contendite
351 969 410 986 intrare
418 974 447 991 per

68 997 154 1015 augustam
167 996 234 1015 portam>

88 1020 137 1036 Circa
148 1024 184 1040 quoe
196 1019 212 1035 B<
224 1019 308 1040 Gregorius
319 1019 375 1035 scribit
386 1023 389 1035 :
400 1019 447 1035 Arcta

68 1045 94 1060 vis
102 1045 120 1060 in
129 1049 161 1065 qua
169 1044 238 1065 quisque
248 1044 318 1060 studiose
326 1044 446 1064 constringitur,

68 1074 104 1090 quie
117 1068 149 1085 sub
161 1070 277 1089 praceptorum
293 1069 364 1084 custodia
379 1069 447 1084 sollicite

68 1095 165 1112 coarctatur,
174 1095 198 1109 est
207 1093 223 1109 in
234 1093 264 1109 hoc
273 1093 333 1109 mundo
340 1093 394 1109 vivere
403 1095 419 1109 et
427 1093 447 1109 de

68 1118 126 1134 mnndi
142 1118 190 1138 hujus
203 1118 333 1138 concupiscentia
347 1118 369 1133 nil
382 1117 445 1136 habere,

66 1143 121 1158 aliena
134 1147 166 1158 non
179 1142 243 1161 habero,
256 1142 321 1163 propri·
335 1142 403 1158 everiter
415 1147 446 1158 nou

67 1169 129 1186 tenere,
140 1167 194 1182 laudes
203 1167 257 1183 mnndi
266 1167 353 1187 despicere,
361 1167 447 1188 opprobria

67 1197 96 1213 pro
104 1192 170 1208 Christo
178 1196 238 1210 amare,
246 1191 312 1212 gloriam
322 1191 383 1212 fugere,
392 1192 447 1212 despe—

473 945 586 966 negligentiam
594 945 694 961 detestantes.
703 945 735 961 Nec
744 946 779 961 ideo
786 951 815 962 nos
823 951 847 962 ar-

473 970 552 985 bitremur
561 974 631 988 securos¹
640 970 677 990 quia
688 970 782 991 religionem
792 975 848 987 sumus

474 994 549 1015 ingressi3
560 994 593 1010 imo
605 999 637 1015 prae
649 995 706 1010 ceteris
717 999 806 1014 vereamur,
817 995 847 1011 nisi

472 1019 518 1040 juxta
529 1019 626 1039 exigentiam
638 1021 696 1035 nostrae
708 1019 818 1040 professionis,
831 1020 847 1036 in

473 1044 517 1060 omni
532 1044 600 1064 regulari
612 1044 718 1063 observantis,
732 1044 747 1060 in
760 1049 797 1061 vera
812 1045 848 1061 ohe·

473 1068 539 1087 dieutis,
545 1068 561 1084 iu
570 1068 649 1089 profunde
656 1068 751 1088 humilitate,
760 1069 813 1085 stabili
821 1074 847 1090 pe<

473 1093 534 1111 tientia,
547 1093 610 1109 sincera
623 1093 714 1112 dilectione,
727 1095 744 1109 et
755 1094 847 1114 quotidiano

474 1117 552 1138 profectu,
559 1122 596 1133 enm
604 1118 659 1138 grandi
668 1118 725 1133 mentis
732 1118 804 1134 custodia
811 1123 847 1134 eon-

474 1147 561 1161 versemur,
572 1147 590 1158 ec
602 1142 669 1158 Domino
679 1142 786 1163 obsequamur
795 1147 799 1159 :
809 1148 847 1164 prm-

474 1167 528 1183 sertim
538 1172 589 1188 qnurn
599 1167 657 1183 sanctis
665 1167 737 1183 Patribus
747 1168 847 1188 protestanti-

473 1192 506 1210 bus,
510 1192 559 1208 multo
566 1192 650 1208 deteriores
658 1192 748 1208 efficiemur
754 1193 769 1208 in
776 1193 848 1209 coenobio

67 1219 112 1233 ctum
124 1217 178 1237 sequi,
188 1216 286 1232 adulationes
298 1216 385 1237 despicere,
394 1216 447 1237 despi-
454 1218 467 1234 1)
474 1221 522 1237 quam
529 1221 593 1232 eramus
602 1217 618 1232 in
627 1217 690 1235 saeculo,
699 1217 730 1233 nisi
740 1219 801 1233 nostras
810 1222 848 1238 quo-

66 1242 130 1257 cientes
139 1241 221 1259 honorare,
225 1241 267 1256 mala
274 1241 365 1257 nocentium
372 1245 392 1256 ex
400 1241 447 1257 corde

66 1266 158 1284 dimittere,
166 1265 288 1286 dilectionisque
296 1265 362 1286 gretiam
370 1266 413 1281 cirea
420 1270 446 1281 eos

67 1291 172 1307 immobilem
186 1295 285 1306 conservare.
298 1290 352 1311 itaque
364 1291 378 1306 si
393 1291 447 1306 omnia

67 1316 102 1335 ista,
114 1315 206 1332 secundnm
219 1315 318 1335 Gregoriurn,
328 1315 376 1331 etiam
388 1315 408 1331 ad
420 1320 447 1331 eos

66 1341 95 1362 qni
104 1341 123 1356 in
131 1340 160 1356 via
168 1340 250 1356 ambulant
258 1340 367 1356 mandatorum
378 1340 447 1361 pertinet

474 1241 512 1257 tidie
524 1246 615 1257 resecemus
627 1241 714 1262 passiones,
725 1242 848 1263 frangamusque

475 1266 547 1287 proprias
555 1266 649 1285 voluntates,
655 1267 693 1287 quia
701 1271 730 1282 nec
738 1267 784 1282 aliter
791 1269 848 1283 nostras

474 1290 581 1306 satisfecimus
593 1291 694 1312 professioni.
705 1291 735 1307 hoo
745 1293 769 1307 est
779 1293 815 1307 voto
825 1296 849 1307 so-

475 1315 523 1331 lenni.
539 1315 583 1331 Unde
598 1320 630 1331 non
645 1315 724 1337 proficere
739 1316 755 1331 in
769 1316 819 1336 gutia
832 1318 848 1332 ct

474 1340 538 1359 virtute,
547 1340 700 1361 periculosissimum
711 1340 757 1356 nobis
767 1343 796 1356 est.
