1079 1569
284 132 357 144 munuca
368 132 451 144 vasalonis.
461 136 481 139 —-

491 132 541 144 anano
551 132 613 144 'tm'rins
823 128 852 144 ⁴85

76 176 146 196 quisque
153 175 240 191 ferventior
247 175 268 191 sit
278 175 295 191 in
303 175 344 191 bun·
354 175 450 195 operatione,
458 175 471 190 Α
479 174 572 195 parabiliter
580 175 624 195 pejor
632 180 650 191 ae
658 175 774 191 formidabilior
781 177 805 191 est
813 179 853 191 mor-

76 202 137 221 quanto
147 200 217 216 incertus
226 202 250 216 est
260 200 280 215 de
290 199 377 218 vocatione,
386 202 403 215 ut
412 199 451 215 dum

76 225 134 240 incerti
148 230 203 240 sumus
218 224 282 245 quando
297 224 389 242 moriamur.
401 224 451 245 parati

75 250 95 265 ad
104 252 171 265 mortem
179 250 234 265 venire
242 254 323 265 conemur*
332 258 352 260 —
359 249 411 264 Tertio
419 253 451 264 me-

76 274 136 290 tuenda
143 276 167 289 est
175 278 223 292 mors,
234 274 271 294 quia
282 274 298 289 in
308 278 326 289 ea
336 273 409 289 homiues
416 278 451 293 gra-

76 299 112 314 vius
123 298 260 319 periculosiusque
271 300 356 316 tentantur,
365 300 381 313 et
392 298 451 318 specia-

76 323 113 339 liter
127 323 183 339 nititur
197 323 271 339 diabolus
286 323 367 338 hominem
382 324 419 338 tunc
431 322 450 338 ad

75 348 200 368 desperationem
211 348 291 363 inducere.
300 347 343 363 Tunc
352 351 416 367 quoque
425 347 451 362 de-

75 372 125 388 bilior
132 374 156 388 est
163 372 211 388 homo
217 372 237 388 ad
245 372 357 390 resistendum,
364 371 395 387 nisi
403 376 411 387 a
419 371 451 387 Deo

75 397 147 417 juvetur,
159 397 235 418 quoniam
248 396 340 417 magnitudo
352 396 451 412 infirmitatis

75 421 186 442 acerbiusque
198 421 258 437 doloris
272 421 349 437 rationem
361 421 450 439 debilitant,

75 448 91 461 et
103 446 247 461 considerationem
258 445 352 466 impediunt.
363 446 400 461 Ideo
412 445 451 461 dicit

479 201 494 215 te
502 200 554 220 prima
562 204 566 215 2
575 200 634 215 idcirco
641 200 689 215 debet
696 200 743 216 homo
751 200 804 220 potius
811 200 852 215 velle

479 224 582 245 corporaliter
590 224 630 240 mori
640 226 656 240 et
663 229 710 240 omne
720 226 817 240 tormentum
826 229 852 245 pn-

479 248 496 267 ti,
509 253 557 269 quarn
570 253 641 269 peccare.
653 249 672 264 Et
683 249 756 270 quamvis
769 251 852 270 peccatum

479 273 541 289 veniale
553 278 584 289 non
595 274 616 289 sit
627 278 669 289 mors
679 274 742 292 animm,
750 274 821 294 disponit
830 276 852 289 ta-

479 303 516 313 men
528 298 548 313 ad
560 303 601 316 eam,
610 298 647 318 quia
659 298 678 314 ad
691 298 757 314 mortale
769 300 852 319 peceatum

479 323 555 343 disponit,
568 323 598 338 nisi
613 323 697 343 diligenter
709 323 768 338 vitetur
778 327 782 338 ι
793 323 853 339 idcirco

479 347 506 368 qui
514 351 546 363 non
554 349 578 363 est
588 347 656 368 diligens
665 347 684 363 ad
694 348 776 363 vitandum
784 347 853 363 venialia

479 374 550 392 peecata,
561 372 592 387 cito
603 372 662 388 corruit
673 372 689 387 in
701 372 770 388 mortalev

496 396 548 412 Tertio
556 396 627 417 loquitur
634 401 678 412 sacra
686 397 767 417 Scriptum
774 397 794 412 de
802 399 853 412 morte

479 421 563 437 infernalis
573 421 642 437 miseriae
652 426 680 437 seu
691 421 796 437 damnationis
809 424 853 437 mter-

479 450 509 464 naz,
521 445 567 465 juxta
579 445 618 461 illud
630 445 733 466 Apocalypsis
744 450 748 461 z
759 446 852 465 incredulis,
866 452 926 466 amm..

76 470 162 491 Gregorius
171 475 174 485 :
183 470 262 491 Antiquos
272 470 321 486 hostis
329 472 400 490 tempore
411 474 451 485 mor-
459 469 471 484 Β
479 472 495 485 et
502 470 613 488 exsecratis‚ct
619 470 694 486 omnibus
702 470 812 489 mendacibus,
817 475 853 491 pars
860 468 870 478 ⁸·

76 495 97 511 tis
111 495 192 511 crudelius
206 495 305 514 effrenatum
318 497 333 510 et
345 499 385 515 qnos
397 495 451 510 viven-

77 522 100 536 tes
116 519 198 535 blanditiis
212 519 277 540 decipit.
293 519 378 535 morientes
394 519 451 535 saevius

76 545 124 565 rapit.
133 553 152 556 —
160 545 218 563 Quarto
228 544 312 560 metuenda
323 546 348 559 est
359 548 407 563 mors,
417 549 452 565 pro-

76 572 112 590 pter
124 569 213 590 periculum
224 569 239 585 ei
251 573 336 584 annexum*
348 568 387 584 Nam
400 569 451 589 qualis

76 594 114 615 quis
124 594 196 612 moritur,
204 593 240 609 talis
250 595 333 614 permanet
343 593 359 609 in
368 595 450 612 mter-num,

76 619 99 635 ita
106 618 149 639 qnod
158 620 193 639 post
203 620 270 634 mortem
281 622 312 633 non
320 620 344 633 est
354 618 451 638 poenitentis

76 644 128 662 locus,
136 643 164 659 sed
172 642 188 658 in
196 642 223 658 uti
230 642 316 658 affectione
325 645 378 658 manet
387 645 451 658 aterna-

76 668 113 684 liter
121 668 179 686 anima,
188 667 205 683 in
212 667 256 688 quali
267 667 327 682 recedit
334 662 417 687 a'corpore
425 671 428 682 :
437 667 451 682 si

75 693 120 709 enim
131 692 190 708 recedit
201 692 237 707 inde
247 692 264 707 in
273 692 356 707 aversione
364 696 373 707 a
382 692 419 710 Deo,
428 691 451 707 in-

75 717 203 733 convertibiliter
215 718 269 732 manet
280 721 340 732 aversa.
349 716 389 732 Hinc
401 716 451 737 loqui-

75 745 103 758 tur
117 741 215 762 Augustinus
230 745 234 756 z
248 741 290 756 Bene
306 740 416 761 unusquisque
431 740 451 756 de

479 494 543 510 illorum
554 495 585 510 erit
594 495 611 510 in
621 497 676 515 stagno
685 495 747 511 ardenti
755 495 791 516 igne
799 497 815 511 et
822 495 854 510 sul-

479 519 514 535 fure
523 520 577 540 :quod
588 522 612 535 est
622 524 664 535 mors
673 520 747 535 secunda.
757 520 783 535 Est
793 520 853 540 quippe

479 549 522 560 mors
532 544 602 560 secunda
612 546 685 565 respectu
696 545 751 560 mortis
760 544 817 565 culpan,
825 544 853 560 sed

479 569 525 584 tertia
533 571 607 589 respectu
618 569 673 584 mortis
684 571 748 584 naturae.
757 569 779 584 De
787 569 816 584 hac
824 571 853 585 ter-

479 593 501 609 tia
509 595 560 609 morte
569 593 608 608 dicit
618 593 633 609 S,
641 593 731 609 Bernartius
742 593 758 609 in
768 593 853 609 Meditatio-

479 617 526 633 uibus
536 617 570 633 suis
579 622 582 633 τ
590 617 634 636 Quis,
643 619 694 638 putas,
703 620 741 633 tunc
751 622 809 634 moeror
817 618 852 636 erit,

478 642 515 662 quis
528 642 586 660 luctus,
599 647 635 663 quaa
647 642 716 660 tristitia,
728 647 778 663 quum
791 647 853 663 separa-

478 666 539 682 buntur
551 667 597 687 impii
610 671 619 682 a
631 667 710 683 consortio
722 667 801 687 justorum
816 669 832 682 et
844 672 853 683 a

479 691 540 707 visione
548 691 582 710 Dei,
589 696 608 707 ac
618 691 671 707 traditi
681 692 698 707 in
708 693 785 712 potestate
795 691 852 707 daemo-

479 720 517 731 num
528 718 575 731 ruent
586 720 623 731 cum
635 716 658 731 eis
670 716 686 732 in
698 716 751 736 ignem
763 717 853 732 aternum?

478 740 534 761 Ibique
545 742 593 756 erunt
603 741 638 756 sine
648 740 682 756 sine
693 741 709 756 iu
719 740 819 756 amarissimo
829 741 852 756 lu—

74 767 102 782 die
114 766 202 782 novissimo
213 765 299 781 tormidnre
311 765 364 783 dehet,
374 765 450 786 quoniam
460 763 471 779 G
479 767 506 780 ctu
513 770 531 781 ac
539 765 655 781 desolatissimo
665 765 731 786 gemitu,
739 770 821 786 nunquam
830 765 852 781 lu-

75 795 208 811 unumquemque
218 790 235 806 in
245 795 277 811 qno
289 790 368 805 invenerit
378 795 416 805 suus
424 794 450 806 no-

74 816 152 832 vissimus
159 815 194 831 dies
201 819 251 835 quum
259 815 279 830 de
287 814 316 830 hoo
324 814 382 830 saeculo
390 815 450 835 egredi-

74 843 107 859 tur,
116 840 151 856 talis
164 840 180 855 in
191 839 217 855 die
228 839 316 855 novissimo
323 839 409 859 judicatur.
417 839 450 855 Hoc

74 868 98 881 ost
110 864 153 885 quod
165 864 221 880 asserit
231 864 338 879 Damascenus
349 868 352 879 τ
363 863 407 882 Quod
419 864 449 879 dm-

74 889 152 906 monibus
167 891 191 904 est
207 889 258 906 ruina,
273 888 304 904 hoc
320 888 411 904 hominibus
426 890 450 904 est

73 919 124 930 mors.
131 914 171 930 Nam
178 913 220 929 sicut
227 913 307 929 daemones
315 913 410 928 ntes-naliter
417 917 449 928 ma-

73 941 114 955 nent
123 938 138 954 in
147 943 165 954 ra
173 938 231 953 mentis
241 937 345 958 dispositione
353 937 369 953 in
377 942 408 958 qua
416 937 449 953 sue·

73 965 113 979 runt
124 963 162 978 dum
175 964 274 980 corrnerunt,
284 962 306 977 ita
318 961 391 977 homines
403 962 419 977 in
431 966 450 977 aa

73 989 170 1009 permanent
180 987 196 1002 in
206 989 283 1002 aeternnm
292 986 350 1002 mentis
360 986 450 1006 dispositio-

72 1018 94 1028 ne
104 1013 121 1028 in
132 1016 163 1033 qua
172 1016 182 1027 a
192 1016 257 1032 corpore
267 1011 341 1031 migrant.
349 1011 393 1029 Quod
402 1011 449 1026 etiam

72 1037 149 1053 Salomon
158 1036 227 1052 breviter
234 1035 285 1056 tangit
293 1035 309 1051 in
319 1035 419 1053 Ecclesiaste,
427 1035 450 1051 di-

479 795 514 806 cem
522 790 578 808 visuri,
584 795 665 810 nunqnam
674 790 763 806 remedium
770 790 851 811 adepturi3

478 814 506 830 nbi
517 819 547 830 nec
559 814 587 835 qui
600 816 663 835 torquet
673 814 759 835 aliqnando
771 814 851 835 fatigatur,

478 844 507 855 nee
519 839 547 860 qui
558 841 641 860 torquetur
651 839 736 860 aliqnando
746 840 817 855 moritur.
826 840 852 856 Sic

478 864 521 879 enim
530 864 571 884 ignis
580 863 602 879 ibi
612 864 697 882 consumit,
705 866 723 879 ut
732 869 796 885 semper
803 869 852 880 reser-

478 891 512 908 vrt;
521 888 544 904 sie
556 888 577 904 ibi
589 890 667 904 tormenta
677 890 751 909 aguntur,
759 891 776 904 ut
788 894 852 910 semper

478 915 579 928 renoventur.

498 937 582 958 Deinceps,
588 937 608 953 ab
616 937 645 953 hac
653 937 712 958 triplici
720 940 770 953 morte
777 938 851 954 liberavit

478 966 507 978 nos
514 962 586 978 Christus
596 967 624 978 sua
634 962 717 978 benedicta
726 967 745 978 ac
752 963 851 978 amarissima

478 987 557 1007 passione,
564 987 585 1009 ita
592 989 610 1002 ut
618 987 676 1003 virtute
683 989 698 1002 et
707 987 763 1003 merito
772 987 850 1008 passionis

478 1011 535 1027 Christi
546 1013 622 1027 eruantur
629 1011 675 1027 electi
685 1016 694 1027 a
705 1014 754 1027 morte
762 1011 791 1027 hac
801 1012 851 1033 tripli-

478 1036 497 1051 ci.
508 1036 521 1051 Α
532 1038 583 1051 morte
595 1036 638 1051 enim
651 1036 701 1056 culpae
713 1036 801 1052 liberantur
813 1041 851 1057 quo-

37 1070 51 1079 n,
60 1074 63 1077 .
72 1067 113 1078 cens
122 1066 126 1077 :
135 1061 151 1077 Si
159 1060 234 1076 ceciderit
244 1060 305 1080 lignum
315 1060 335 1075 ad
343 1062 414 1075 austrum
423 1062 450 1075 aut
457 1060 470 1075 D
478 1060 516 1076 tidie
524 1065 553 1080 per
560 1062 658 1075 sacramenta
666 1060 784 1081 Ecclesiae,quae
791 1066 800 1076 a
808 1061 851 1077 Chri-

71 1087 93 1103 ad
107 1086 205 1107 aquilonem.
216 1085 232 1100 in
246 1089 348 1105 quocumque
362 1085 395 1100 loco
409 1085 449 1100 ccci-

71 1111 121 1130 derit,
133 1111 155 1126 ihi
167 1110 201 1126 erit⁴

94 1135 168 1152 Secundo
183 1134 253 1155 loquitur
267 1134 349 1154 Scriptura
363 1134 382 1149 dc
399 1136 449 1149 mone

71 1161 126 1181 culpae
132 1164 136 1175 ε
142 1165 177 1180 quae
185 1164 227 1175 mors
235 1163 267 1174 non
275 1161 299 1174 est
306 1158 349 1174 aliud
357 1163 404 1179 quam
414 1163 449 1179 pcc-

70 1188 128 1202 catum
143 1184 215 1202 mortale,
230 1188 262 1204 quo
277 1183 330 1199 anima
345 1183 449 1204 spiritualiter

71 1210 148 1227 moritur,
156 1208 194 1229 quia
205 1213 233 1229 per
244 1208 284 1223 illud
297 1208 377 1223 caritatem
389 1210 404 1223 et
415 1212 449 1228 gra-

70 1235 113 1251 tiam
122 1234 149 1250 Dei
157 1233 216 1249 amittit
225 1235 241 1248 et
250 1234 333 1253 separetur
340 1232 360 1248 ab
370 1237 393 1250 eo,
401 1234 449 1253 atque

71 1259 131 1275 unitur
140 1257 208 1274 diabolo.
217 1257 282 1278 Propter
291 1257 334 1277 quod
344 1257 417 1273 Salomon
429 1257 449 1272 lo-

26 1292 31 1299 r
43 1292 63 1301 n,
71 1284 130 1305 quitur
138 1287 142 1298 τ
150 1283 203 1303 Longe
211 1284 234 1298 est
244 1282 321 1297 Dominus
330 1281 351 1297 ab
360 1281 418 1302 impiis.
427 1281 449 1297 De

23 1320 34 1330 m
36 1323 63 1332 ......

71 1310 104 1325 hac
116 1309 167 1324 morte
179 1307 201 1322 ait
211 1307 282 1323 Salvator
291 1311 294 1322 :
303 1306 367 1322 Dimitte
379 1308 449 1322 mortuos

71 1332 144 1354 sepelire
157 1334 227 1347 mortuos
239 1335 282 1347 suos.
292 1331 322 1346 ista
334 1335 377 1346 mors
390 1330 449 1346 incom-

477 1085 498 1100 sti
510 1085 583 1105 passione
594 1084 683 1100 efficaciam
696 1085 788 1101 sortiuntur.
798 1086 850 1107 Atque

478 1114 506 1130 per
516 1109 545 1125 hoc
555 1109 597 1130 quod
608 1109 679 1125 Christus
690 1110 766 1125 satisfecit
777 1115 806 1131 pro
814 1115 849 1131 pec-

477 1136 512 1149 cato
527 1133 606 1154 originali,
621 1133 709 1149 liberantur
724 1139 733 1150 a
749 1135 849 1151 damnatione

477 1160 535 1174 oeterna
551 1160 628 1178 quantum
643 1158 662 1174 ad
678 1163 740 1178 poenam
754 1159 815 1178 damni,
829 1160 849 1175 ad

476 1187 524 1203 quam
535 1187 591 1198 omnes
600 1182 665 1198 obnoxii
676 1185 714 1198 sunt
724 1183 751 1204 qui
763 1186 849 1199 nascuntur

477 1207 493 1223 in
506 1209 571 1227 peccato
582 1207 665 1227 originali;
675 1212 704 1228 per
716 1207 745 1223 hoc
757 1213 795 1224 vero
806 1209 849 1229 qnod

477 1231 548 1247 Christus
556 1231 604 1247 etiam
612 1231 688 1247 satisfecit
696 1236 724 1252 pro
732 1232 775 1247 omni
784 1235 849 1253 peccato

476 1256 533 1272 actuali
548 1261 567 1271 ac
581 1256 666 1276 personali,
679 1258 757 1272 eruuntur
771 1261 800 1277 per
814 1257 849 1278 ejus

477 1281 566 1301 passionem
577 1285 585 1296 a
595 1281 696 1296 damnatione
706 1283 764 1297 aeterna
771 1284 849 1302 quantum

476 1306 496 1321 ad
504 1310 567 1326 poenam
578 1310 634 1321 sensus
641 1310 659 1321 ac
669 1305 727 1321 damni.
737 1306 765 1321 Per
773 1306 803 1322 lioc
811 1311 848 1327 qno-

477 1335 508 1351 que
520 1330 562 1350 quod
575 1330 646 1345 Christus
658 1335 687 1346 sua
698 1330 803 1346 saluberrima
815 1336 849 1352 pas-
