1079 1569
41 481 44 484 .
48 474 72 486 nat

152 131 226 143 MHBUGA
236 131 246 142 V
257 131 294 143 PUST
304 130 407 142 M'rtvlnru
418 129 481 141 mmm.
492 134 512 137 —
522 130 544 141 m
553 130 651 146 animoso&
662 130 712 142 SSRHO
722 130 778 142 surus

823 125 852 142 247

80 174 133 190 caritas
147 174 255 190 obedientiam
267 173 306 189 facit
318 175 378 194 gratam
392 175 408 189 et
419 173 451 188 Deo
458 172 471 188 A
478 177 497 188 ac
505 173 602 189 vanitatibus
609 173 742 191 renuntiavimuS,
750 175 797 194 atque
805 173 854 189 virtu⁴

79 200 166 219 acceptam3
172 199 240 219 talisque
248 198 339 214 obedientia
347 199 390 213 recte
398 198 452 218 dirigit

79 228 140 244 gressus
151 225 218 241 nostros,
226 228 244 239 ac
257 225 316 238 sancta
326 222 451 238 conversationis

79 248 143 268 gratiam
154 250 259 269 promeretur.

97 272 154 291 Tertio,
166 277 195 293 per
206 272 260 288 navim
271 272 373 292 significatur
383 271 438 292 religio
447 276 450 287 :

79 297 152 317 quoniam
160 297 202 312 sicut
210 296 300 317 periculum
311 296 385 312 imminet
393 296 429 312 navi
437 296 451 311 si

79 321 125 337 fuerit
136 326 190 340 vacua,
199 321 237 342 quia
248 321 317 339 vacillat,
325 323 341 336 et
353 321 391 336 item
404 321 417 336 si
429 320 452 336 ni-

80 345 127 361 mium
135 348 216 363 oneretur,
224 346 263 366 quia
273 345 391 366 submergitur3
399 345 421 361 ita
428 350 451 361 re-

79 370 137 390 ligiosis
148 370 238 391 periculum
249 372 273 386 est
285 370 298 386 si
308 374 366 391 eorpus
375 370 451 385 immode-

79 397 110 410 rate
122 397 214 414 extenuent,
227 395 249 413 ita
261 397 278 410 ut
290 395 335 415 sequi
348 399 380 410 non
392 396 451 415 queant

79 422 178 438 conventum,
194 422 221 435 aut
237 420 305 435 nimium
321 419 398 440 repleant,
413 419 451 440 quia

79 444 145 463 verbosi,
158 444 207 463 leves,
219 444 315 460 somnolenti
329 448 347 459 ac
363 444 403 464 pigri
417 444 451 459 red-

479 197 522 213 tibus
532 202 597 218 operam
608 198 670 217 damus,
682 203 738 214 omnes
750 198 817 214 nocendi
827 198 853 214 ad-

479 222 511 238 itus
523 222 591 243 pervigil
603 223 685 239 insidiator
696 223 773 244 explorat,
783 225 799 239 et
809 223 854 238 mille

479 247 547 263 nocendi
559 249 623 263 exercet
636 247 704 268 ingenia.
712 247 784 263 maiores
796 249 813 263 et
825 247 854 263 im—

479 271 583 292 perfectiores
590 272 632 292 gula,
642 272 723 287 blanditiis
730 274 778 293 atque
786 272 854 288 indomi-

479 298 499 312 tae
507 296 558 312 carnis
566 296 650 317 impugnat
656 296 726 316 aculeis3
735 296 808 312 meliores
816 301 854 312 vero

479 325 497 336 ac
507 320 578 336 seniores
591 325 620 341 per
632 321 716 337 elationem
727 323 743 337 et
754 321 853 341 jactantiam,

479 350 569 366 vanamque
581 345 648 366 gloriam
660 347 687 361 aut
700 345 766 361 nimiam
779 345 854 361 securita-

479 371 511 385 tem
522 369 579 385 nititur
589 374 685 390 expugnare.

498 394 562 413 Quinto,
571 394 609 415 quia
618 394 660 410 sicut
670 394 686 410 in
696 394 732 410 navi
742 396 807 415 propter
816 399 853 410 con-

478 419 523 434 tinua
534 420 550 434 et
561 423 618 439 magna
628 419 699 439 pericula
711 421 735 434 est
747 419 823 439 frequens
835 419 854 434 ti-

479 448 518 461 mor,
523 443 615 459 sollicitudo
622 445 638 459 et
645 444 773 464 circumspectio,
777 444 854 459 memoria

79 469 140 485 duntur.
154 469 214 485 idcirco
228 469 322 485 rationabile
335 471 351 485 et
363 469 449 484 discretum
459 469 471 485 R
478 469 494 483 et
502 468 581 484 invocatio
589 468 625 488 0013
634 468 656 484 ita
665 468 681 484 in
690 468 731 484 veris
742 468 820 488 religiosis
829 470 854 484 est

79 493 124 509 debet
133 499 197 514 semper
207 499 242 510 esse
253 498 308 510 eorum
318 493 419 514 obsequium.

99 518 161 537 Quarto,
174 518 250 539 quoniam
262 518 305 534 sieut
317 518 361 534 navis
375 518 450 534 continue

79 542 159 561 fluctibus,
165 543 217 561 undis,
224 542 349 563 impulsionibus
357 543 405 558 maris
413 547 450 563 qua-

78 567 115 583 titur
125 570 142 583 et
150 567 224 588 jactatur,
233 567 256 583 sic
266 567 298 583 vita
310 567 419 587 religiosorum
429 565 449 582 'ab

78 591 185 607 invisibilibus
192 592 271 610 hostibus,
279 597 288 607 a
296 592 364 612 propriae
372 592 423 607 carnis
431 596 448 607 ac

78 616 153 637 improbe
162 616 249 632 voluntatis
258 616 350 634 affectibus,
358 618 374 632 et
383 617 431 632 etiam
440 621 449 632 a

77 641 142 656 fratrum
151 641 299 661 imperfectionibus
306 643 333 656 aut
341 641 450 661 impet-tunila>

77 665 123 684 tibus,
133 665 175 681 omni
185 666 211 681 die
221 667 296 684 tentatur,
306 665 388 686 probatur,
398 666 449 681 discu-

77 690 118 705 titur.
126 690 161 706 lmo
170 695 203 711 quo
213 690 299 706 virtutibus
307 690 369 706 virilius
379 690 448 707 student.

76 719 94 730 eo
102 715 177 730 inimicus
184 715 237 730 acrius
245 719 263 730 ac
272 714 377 735 multiplicius
385 719 412 730 eos
420 715 449 730 im-

77 741 140 760 pugnat,
149 741 165 755 et
175 739 237 760 aliquos
248 741 303 755 contra
314 743 341 755 eos
354 739 448 755 inflammat.

478 494 536 511 castus,
547 492 602 508 filialis
612 494 660 513 atque
672 493 745 508 assiduus
758 493 786 508 Dei
798 492 851 512 timor,

477 517 567 533 observatio
577 517 684 538 periculorum
694 519 742 538 atque
751 517 850 536 insidiarum,

477 541 577 557 incessabilis
585 541 676 562 imploratio
683 542 733 557 divini
741 541 851 557 subaidiiJ‘er

477 566 549 587 pendunt
563 571 632 587 namque
646 571 663 582 se
677 566 749 587 ignorare
762 571 782 582 an
796 571 851 582 amore
857 571 923 584 ικιωη.

476 591 508 606 sint
519 591 563 611 digni
575 596 595 607 an
606 591 648 609 odio,
656 593 672 607 et
683 591 747 612 penitus
759 596 776 607 se
788 591 850 607 nescire

476 615 547 631 fatentur
557 616 596 636 quid
607 616 677 631 finaliter
688 616 716 631 fiet
728 616 747 632 de
758 616 791 636 εἰη
799 616 850 632 consi-

476 640 532 656 derant
544 640 625 661 propriam
637 640 744 660 fragilitatem,
756 640 850 656 defectuosi-

476 666 524 680 tatem
532 669 550 680 ac
560 664 610 680 divini
621 665 688 685 rigorem
696 665 759 685 judicii,
767 670 816 686 seque
827 665 850 681 in-

476 689 568 704 desinenter
575 689 682 710 propinquare
690 689 709 705 ad
718 690 813 708 mortem,ad
822 689 849 705 Dei

476 718 549 732 examen,
557 713 576 729 ad
589 714 643 729 futura
653 714 738 734 supplicia,
746 714 759 730 si
770 714 807 729 binc
818 718 850 730 non

476 738 514 753 satis
524 738 586 759 purgati
597 738 674 758 exierint3
682 738 764 754 intuentur
772 740 850 759 quantum

77 764 108 780 lino
123 764 193 784 religiosi
208 768 245 779 vere
260 764 313 779 devoti
328 769 344 779 se
360 766 416 779 mutuo
430 764 448 779 ad
458 763 469 780 C
476 763 536 778 distant
543 767 552 778 a
560 767 625 778 suorum
633 763 719 778 virtutibus
727 765 796 784 patrum,
802 768 850 784 quam

77 789 167 809 patientiam
175 788 257 804 caritative
264 791 344 806 exercent.
352 790 399 809 atque
407 793 416 804 a
424 793 449 804 su-

76 813 165 833 perioribus
178 813 211 828 suis
225 813 336 833 multipliciter
349 815 448 832 exercentur,

76 837 183 858 corripiuntur
190 839 205 853 et
213 837 341 858 disciplinantur,
349 837 397 853 etiam
407 842 449 858 saepe

75 862 139 882 quando
153 866 184 878 non
199 864 327 882 promeruerunt,
339 864 417 883 quatenus
432 867 449 878 se

76 886 117 907 ipsos
127 886 190 902 discant
200 886 216 902 in
226 886 301 902 omnibus
311 886 389 907 frangere,
398 887 449 902 humi-

75 911 118 929 liare,
124 913 232 929 contemnere,
238 913 254 926 et
262 915 282 926 ne
289 915 345 927 eorum
352 911 447 929 obedientia,

75 936 156 956 patientia,
164 935 246 951 humilitas
255 936 270 951 in
279 940 296 951 se
303 935 342 956 ipsis
350 935 447 954 debilitetur,

74 960 111 976 dum
119 965 151 976 nou
159 962 242 976 exercetur
249 965 279 976 uec
287 960 358 981 procedit
366 960 381 975 in
389 962 446 976 actum.

74 985 149 1001 Finaliter
156 990 193 1001 vero
201 985 234 1001 haec
242 985 295 1001 omnia
302 985 344 1000 fiunt
352 987 369 1000 ut
376 987 448 1001 crescant

74 1010 89 1025 in
101 1010 152 1030 gratia
164 1011 180 1025 et
191 1010 275 1030 gloriosius
287 1011 387 1025 coronentur.
398 1010 447 1025 Verus

74 1034 121 1055 igitur
133 1034 216 1054 religiosus
226 1034 338 1055 spiritualibus
348 1034 397 1050 armis
407 1039 448 1050 sem-

477 787 523 803 multi
531 787 555 803 eis
562 787 665 803 virtuosiores
673 789 767 803 corruerunt
773 792 792 803 ac
800 788 850 809 perie-

477 814 519 830 runt,
527 816 575 833 quam
587 812 632 832 proni
644 814 682 827 sunt
692 812 711 828 ad
724 814 793 833 peccata,
802 817 850 833 quam

476 836 524 852 etiam
534 836 607 852 celeriter
617 836 707 857 perderent,
715 837 729 852 si
738 837 798 857 aliquid
810 837 826 853 in
834 842 850 853 se

476 861 535 876 habent
547 861 616 879 virtutis,
629 861 660 876 nisi
673 861 770 877 incessanter
782 866 811 882 per
822 862 851 877 Dei

475 886 542 906 gratiam
553 888 689 901 conservarentur.
698 886 738 901 l-linc
748 890 812 902 omnem
824 891 850 907 pe<

475 910 562 926 riculosam
573 910 672 926 detestantur
684 911 791 929 securitatem,
804 913 820 926 et
832 911 850 926 ti-

476 935 532 950 morati
540 935 655 953 consistunt,et
663 940 726 955 semper
733 935 812 956 proficere
819 938 849 951 sat-

474 962 529 980 agunt,
536 959 582 980 juxta
592 959 631 975 illud
640 964 644 975 z
652 959 703 978 Quum
715 960 850 976 consummaverit
856 964 922 978 socinum.

475 984 528 1002 homo,
536 986 575 1000 tunc
583 984 653 1005 incipietv
662 985 774 1000 verumtamen
783 985 848 1006 quidam
855 981 866 991 ⁶·

475 1009 539 1030 propria
547 1009 585 1024 victi
592 1009 652 1027 acedia,
660 1011 676 1025 et
683 1009 703 1025 ab
710 1009 800 1025 adversaria
808 1010 848 1025 mul-

474 1035 508 1049 tum
522 1033 590 1054 decepti,
601 1033 617 1049 in
628 1038 706 1049 annorum
718 1038 786 1050 numero
796 1036 812 1050 et
822 1039 849 1050 ex-

74 1064 101 1080 per
112 1059 185 1075 munitus
196 1059 222 1078 sit,
230 1061 246 1075 et
256 1059 275 1075 ad
287 1059 342 1080 praelia
352 1061 406 1075 contra
417 1060 448 1075 da>-
455 1059 467 1074 D
475 1058 552 1074 tei-iorum
563 1058 635 1074 laborum
647 1058 749 1074 multitudine
760 1063 778 1074 ac
788 1059 849 1079 magni>

74 1088 128 1100 mones
145 1088 164 1099 ac
179 1086 244 1104 peccata
259 1084 359 1104 praminctus.
376 1084 412 1100 ideo
425 1084 447 1100 ait

73 1108 153 1124 Eusebius
165 1113 169 1124 z
182 1108 243 1127 Quanto
256 1108 338 1124 ardentius
351 1108 446 1127 laboramus,

73 1135 116 1149 tanto
127 1133 206 1149 cautiores
215 1137 250 1149 esse
260 1133 342 1149 debemus>
350 1133 447 1149 Proficiente

73 1157 102 1173 bus
109 1157 154 1173 enim
162 1157 247 1173 insidiatur
254 1157 338 1178 inimicus;
346 1160 362 1174 et
369 1158 397 1173 ubi
404 1158 447 1174 videt

72 1187 116 1203 spem
131 1182 202 1202 aliquam
215 1184 243 1197 aut
255 1182 325 1203 aliquam
339 1182 411 1202 gratiam,
424 1183 446 1198 ibi

42 1214 54 1223 η,
63 1209 148 1227 ,tanquam
157 1206 181 1222 leo
189 1206 254 1227 rugiens
261 1208 278 1222 et
285 1207 387 1225 circumiens,
396 1208 415 1223 ad
424 1208 446 1223 in-

72 1231 163 1247 vadendum
172 1231 241 1252 praedam
249 1233 291 1247 totus
300 1231 382 1247 incumbit.
391 1232 447 1250 Quam-

72 1256 98 1272 diu
110 1258 165 1271 autem
177 1256 193 1271 in
205 1255 264 1271 mundo
274 1260 337 1271 eramus
347 1256 390 1272 vitiis
400 1256 447 1272 inlim-

72 1283 130 1298 rentes.
139 1280 185 1296 nobis
196 1284 227 1296 nou
238 1280 321 1296 resistebat
331 1280 411 1299 inimicus,
419 1281 446 1297 sed

72 1305 188 1323 consentiebat,
203 1306 219 1320 et
232 1304 332 1320 delectabant
348 1310 385 1321 eum
399 1310 447 1326 opera

73 1332 135 1350 ncstra;
144 1334 187 1345 nunc
195 1334 232 1345 vero
239 1334 290 1350 quum
296 1329 332 1350 ejus
339 1330 447 1351 voluptatibus

475 1083 530 1099 tudine
543 1087 588 1103 spem
600 1087 645 1098 suam
658 1085 742 1104 reponunt,
752 1085 768 1099 et
780 1084 848 1104 quadam

475 1107 527 1124 fallaci
535 1108 620 1123 securitate
627 1110 711 1128 tepescunt
718 1112 736 1123 ac
744 1108 848 1127 sordent‚non

474 1132 574 1148 attendentes
585 1132 627 1153 quod
638 1132 654 1148 in
666 1132 759 1148 interiorum
771 1138 848 1154 expurga-

475 1157 523 1176 tione,
532 1157 644 1173 reformatione
652 1162 670 1173 ac
678 1157 775 1173 fecunditate
782 1158 807 1174 vis
816 1160 849 1174 tota

474 1184 490 1198 et
498 1182 558 1198 fructus
565 1187 583 1198 ac
591 1182 629 1198 finis
637 1182 706 1198 laborum
714 1183 848 1199 consistant-Hine

474 1207 496 1223 ait
507 1207 585 1222 Eusebius
594 1211 597 1222 :
606 1207 655 1223 Nemo
666 1207 685 1223 de
696 1207 781 1228 praeteritis
793 1208 814 1223 sit
825 1212 849 1223 se-

474 1236 527 1247 curus.
532 1231 577 1247 Tanti
586 1231 637 1252 laquei
645 1231 703 1252 objecti
711 1233 748 1247 sunt
756 1233 792 1248 ante
800 1232 848 1252 pedes

474 1256 531 1272 animas
539 1257 607 1275 nostram
615 1258 647 1271 tam
658 1256 783 1272 innumerabiles
793 1257 848 1272 crude-

475 1281 531 1296 lissimi
539 1285 558 1296 ac
565 1280 664 1296 callidissimi
675 1280 728 1296 hostes
736 1281 766 1296 iter
775 1283 847 1297 nostrum

474 1305 560 1321 observant
569 1310 574 1325 ς
589 1307 636 1321 tantm
652 1305 707 1324 foveae,
722 1307 745 1321 tot
761 1308 846 1326 prerupta,

475 1332 523 1346 tantae
535 1330 639 1346 difficultates
651 1330 700 1346 latent
711 1330 751 1346 inter
762 1335 790 1346 nos
803 1333 819 1346 et
829 1330 847 1347 fi-
