1079 1569
166 961 186 972 Ρι.
189 964 234 974 unm.

173 985 204 1004 im.
211 993 227 1004 ιο.

166 1033 219 1047 mium
222 1036 233 1046 n.

167 1049 196 1079 8ἐφ.
202 1068 213 1078 ιι,
216 1065 233 1075 η

168 1134 205 1145 loom
207 1137 234 1146 .....

167 1149 234 1163 inu-nt«,

166 1169 173 1176 ι
197 1173 200 1176 .

242 119 272 135 356
437 124 511 137 noemma
521 124 653 139 omumnssnnaz.
663 128 684 131 —
694 124 744 136 senno
754 124 822 139 omarus

242 166 329 182 lotionibus
340 168 356 182 et
366 166 467 187 passionibus
480 171 518 187 quas
531 171 616 187 perpessus
623 166 636 182 Δ
643 166 671 182 lite
681 171 709 182 our
719 171 804 187 apponere.
815 167 849 182 Non
860 167 904 182 enim
916 171 965 183 rernm
974 171 997 188 pos·

242 193 272 210 est,
277 191 319 207 viam
327 191 383 207 salutis
390 193 406 207 et
414 191 443 207 iter
450 191 527 207 redeundi
534 191 554 207 ad
562 196 616 207 veram

242 216 358 232 beatitudinem
368 216 415 232 nobis
423 216 513 232 ostenderet
520 221 539 232 ac
548 216 615 237 praeiret.

201 253 204 257 .
213 249 220 258 ι,
233 240 291 257 ‚Primi
301 245 370 261 namque
380 243 453 261 parentes
463 241 480 256 in
490 241 525 257 loco
534 241 615 259 delicioso,

243 265 305 281 scilicet
317 265 395 286 paradiso,
408 265 490 281 constituti
503 265 569 281 fuerunt
580 267 616 281 ante

242 295 287 306 suam
297 290 445 310 transgressionem,
454 290 481 305 ubi
492 290 508 305 in
518 294 576 310 magna
583 292 615 305 tam

242 314 349 335 spiritualium
360 319 409 335 quam
419 314 526 335 corporalium
537 314 615 330 bonorum

241 338 323 359 opulentia
332 341 382 357 erant,
391 339 407 355 in
416 339 472 359 grandi
482 343 547 360 quoque
556 339 616 355 honore

241 365 257 379 et
267 363 329 379 sincera
338 363 447 384 jueunditate;
457 363 485 379 sed
495 365 555 379 tautam
566 363 616 379 felici-

241 390 289 404 tatem
302 388 384 409 peccando
394 388 503 409 perdiderunt,
514 389 530 404 et
540 390 572 403 tam
584 387 616 403 sibi

241 417 289 433 quam
302 412 370 433 posteris
382 413 421 428 suis.
432 412 510 434 Quoniam
523 413 576 433 itaque
589 417 616 433 pa-

241 437 289 453 radisi
297 437 366 456 divitias,
372 437 438 453 delicias
446 439 461 453 et
468 437 536 453 honores
544 442 573 457 per
580 442 616 457 pec-

643 191 698 210 sessio,
707 191 735 207 sed
746 191 834 207 inordinata
843 191 915 210 affectio,
923 193 946 207 est
955 192 968 208 in
976 192 998 208 nul>

644 221 668 236 pa.
677 216 750 232 Secundo
758 216 834 233 debemus
842 216 888 237 sequi
895 216 997 232 Salvatoreinin

643 240 765 257 tribulationum
778 241 863 262 aequauimi
877 241 976 262 perpessione.
985 241 998 257 Ex

644 265 685 281 sicut
697 265 768 281 Christus
780 267 834 281 nostra
845 266 934 286 deploravit
944 268 998 286 penula.
1006 271 1027 282 ιιι

643 292 659 305 et
669 290 746 305 satisfecit
757 295 785 311 pro
795 290 819 306 eis
827 294 831 306 z
840 290 862 306 ita
872 295 901 306 nos
911 290 941 311 ipsi
951 291 999 311 proprii

644 314 721 330 debemus
732 317 797 335 peccata
807 315 880 331 doloroso
891 315 954 333 deflere,
962 315 999 330 humi-

644 338 680 354 liter
689 339 769 357 confiteri,
777 340 793 354 et
800 344 837 355 vere
847 339 938 355 satisfaoere
947 344 972 360 pro
979 339 1000 355 eis·

643 362 685 381 dem,
690 363 744 379 omnia
751 368 815 384 quoque
822 363 888 380 adversa
896 366 912 379 et
919 368 970 384 asper·
975 369 1000 384 que

643 387 689 403 nohis
697 388 796 408 contingunt,
805 393 834 409 pro
842 388 901 404 nostris
909 388 972 404 libenter
977 393 1000 404 ius

643 412 694 428 tinere
702 412 799 428 excessibus.
807 413 860 429 Tertio
867 413 946 429 Christum
956 413 1001 429 imiari

643 436 720 453 dehemus
735 437 752 453 in
766 437 838 453 omnium
853 438 966 454 mundanorum
979 438 1001 453 ina-

241 463 294 477 catum
309 461 386 482 originale
400 462 489 480 amisimus,
502 462 522 477 ad
534 461 615 477 caelestem
624 460 636 476 B
644 461 721 482 niumque
729 462 807 483 honorum
815 464 914 483 contemptu,
922 465 937 478 et
943 467 976 478 vera
981 462 1001 478 hn-

240 486 293 502 redire
303 491 335 502 non
346 491 431 507 possumus
443 487 534 507 paradisum
545 486 576 502 nisi
587 491 616 507 per

241 511 307 532 spiritus
315 513 425 532 paupertatem
432 516 436 528 ι
443 511 463 527 de
470 516 502 532 qua
509 511 531 527 ait
539 511 615 530 Salvator,

212 545 221 554 v.
230 549 233 552 .
241 535 285 551 Beati
297 541 375 556 pauperes
386 536 449 556 spiritu,
457 536 533 557 quoniam
544 536 615 556 ipsorum

241 562 265 576 est
276 565 342 581 regnum
354 561 440 581 coelorum3
450 565 479 581 per
490 560 615 581 poenitentialem

241 585 313 601 dolorem
320 588 336 601 et
343 585 437 601 afflietivam
445 585 570 601 satisfactionem
577 590 581 601 t
588 590 616 601 un-

200 619 221 628 m.
230 623 234 628 .
241 610 261 626 de
271 612 287 626 et
296 610 368 626 Christus
379 612 451 628 testatur,
459 610 493 626 Nisi
504 610 615 631 poenitentiam

241 635 310 655 egeritis,
318 639 374 651 omnes
382 635 456 651 similiter
463 635 546 656 perihitis;
554 637 570 650 et
577 635 615 651 item

241 664 270 680 per
280 659 361 680 propriam
371 661 418 680 atque
428 661 531 680 spontaneam
541 659 616 675 humilia—

240 684 301 700 tionem
310 688 313 700 :
322 686 387 705 propter
394 684 437 705 quod
445 684 493 700 Filius
501 684 529 700 Dei
537 684 614 705 profatur,

221 722 224 725 .
240 709 274 725 Nisi
284 709 357 725 oonversi
366 708 435 727 fueritis,
443 710 459 724 et
468 708 563 724 efficiamini
574 709 615 724 sicut

174 733 192 740 '¹
210 738 213 741 ·
241 733 309 754 parvuli,
321 737 353 749 non
369 733 448 749 intrabitis
460 733 476 749 iu
489 738 556 753 regnum
568 733 615 749 coelo-

200 766 232 776 ,xm
240 762 286 780 rum;
299 760 315 773 et
326 758 384 776 denuo,
397 758 452 774 Omnis
467 758 495 778 qui
509 762 526 773 se
540 757 615 773 humiliat
623 755 634 772 C
641 757 696 775 Judmi.
707 758 723 772 et
734 756 799 775 Pilatus,
808 757 883 776 Herodes,
894 762 975 778 eorumque
984 762 1002 773 sa>

180 779 233 792 ''¹¹¹⁶‘'
240 782 340 802 exaltabitur,
353 785 369 798 et
381 782 409 803 qui
422 787 439 798 se
453 782 512 798 exaltat
523 782 614 798 humiliabi-

241 809 270 823 tur.
279 807 299 823 Et
306 807 340 823 baso
347 807 402 823 eadem
410 807 481 823 Christus
489 807 563 828 exemplo
571 811 615 823 mon-

165 837 203 849 ιω
206 838 232 850 ιω.
240 832 307 848 stravit:
315 832 353 852 quia
364 832 381 847 in
392 836 455 847 summa
467 833 560 853 paupertate
570 831 615 847 venit

166 862 233 875 ιωιΛνω,
240 859 256 872 οι
263 856 303 872 vixit
311 856 328 872 in
338 856 397 872 sawulo
405 856 441 875 isto,
450 856 471 872 ita
481 858 498 872 ut
507 861 538 872 non
549 856 615 872 liaberet

240 881 268 897 ubi
276 883 324 901 caput
331 881 423 901 reclinaret;
431 880 570 901 persecutionibus
577 885 615 901 quo

240 910 277 926 que
288 905 418 921 tribulationibus
430 907 478 926 atque
490 905 571 921 laboribus
582 906 614 922 vita

240 930 276 951 ejus
287 930 303 946 in
315 930 373 946 amulo
382 930 443 946 exstitit
453 930 505 950 plena,
513 930 555 945 sicut
565 930 587 945 ait
598 930 614 946 in

240 955 302 971 Psalmo
316 959 320 971 ε
335 954 375 973 Ouia
388 955 449 975 repleta
462 956 486 970 est
501 954 547 970 malis
561 955 614 970 anima

241 984 286 1000 mea;
298 981 314 996 et
326 984 387 998 rursus,
399 979 460 1000 Pauper
474 984 510 995 sum
522 984 557 1000 ego,
570 981 586 995 et
597 980 614 995 in

241 1004 322 1020 laboribus
333 1009 342 1020 a
352 1004 436 1024 juventute
448 1009 488 1020 mea.
500 1004 560 1020 Deinde
572 1004 615 1020 Chri-

241 1031 275 1045 stus
289 1034 306 1045 se
320 1029 390 1045 maxime
404 1028 500 1047 humiliavit,
513 1028 565 1044 factus
579 1028 615 1044 obe-

241 1054 286 1069 diens
301 1058 352 1074 usquo
363 1054 383 1069 ad
396 1055 469 1072 mortem,
482 1058 530 1074 quain
542 1053 614 1074 turpissi-
622 1052 635 1068 D
643 1052 712 1068 ministri
724 1052 769 1068 Pilati
782 1052 875 1068 occiderunt
886 1053 964 1069 Christum
974 1057 1004 1073 quo

241 1083 284 1094 mam
291 1083 309 1094 ae
316 1078 436 1094 acerbissimam
444 1082 473 1098 pro
480 1078 545 1094 humani
552 1078 614 1098 generis

241 1103 352 1124 redemptione
362 1103 443 1118 sustinuit.

261 1128 313 1146 Ouum
326 1127 374 1148 igitur
385 1132 440 1143 servus
452 1132 485 1143 non
496 1127 517 1143 sit
528 1127 579 1147 major
589 1127 615 1143 do-

242 1152 285 1168 mino
298 1156 332 1170 suo,
343 1157 395 1173 neque
405 1152 494 1172 discipulus
506 1157 554 1173 super
566 1152 615 1172 magi-

241 1179 298 1195 strum,
311 1177 324 1192 si
336 1177 411 1193 volumus
423 1181 458 1192 esse
469 1181 487 1192 ac
500 1176 568 1192 inveniri
580 1177 614 1192 veri

240 1202 282 1218 servi
292 1203 339 1222 atque
347 1201 424 1222 discipuli
431 1201 495 1220 Christi,
503 1203 565 1222 oportet
573 1203 590 1217 ut
598 1201 614 1217 in

240 1226 292 1242 tribus
304 1226 374 1247 praefatis
386 1226 439 1247 ipsum
452 1231 542 1247 sequamur.
556 1226 614 1245 Primo,

240 1251 257 1267 in
267 1253 365 1272 paupertate,
373 1251 427 1267 omnia
437 1251 531 1271 temporalia
540 1251 582 1267 bona
589 1251 615 1267 de-

241 1275 351 1296 relinquendo,
362 1276 387 1291 vel
400 1276 456 1291 saltem
467 1280 499 1292 non
510 1276 614 1292 immoderate

240 1301 313 1319 amando,
321 1305 351 1316 nec
361 1305 379 1316 ea
389 1300 499 1321 spiritualibus
509 1300 613 1321 praeferendo.

166 1329 187 1341 ιιι,
192 1333 212 1343 ιιι.
217 1330 233 1341 ιι.
240 1325 282 1341 sicut
289 1325 311 1341 ait
318 1325 395 1346 Propheta
403 1329 407 1340 z
416 1325 478 1341 Divitia
485 1325 498 1341 si
506 1325 579 1344 affluant,
588 1330 615 1341 no-

644 486 732 502 miliatione
745 491 795 507 nsque
807 487 827 502 ad
839 489 912 503 mortem.
925 487 958 508 lpse
968 487 1000 503 enim

644 511 660 526 in
672 511 758 531 Evangelio
768 511 791 527 ait
802 511 876 532 superbis
885 516 888 527 z
897 512 973 530 Quomodo
981 516 1001 532 po-
1009 516 1040 527 Ι-ιι

643 535 688 551 testis
699 540 728 551 vos
741 536 811 554 eredere,
824 536 851 556 qui
866 536 933 556 gloriam
944 536 962 552 ab
972 533 1016 551 invi-‘⁴

643 564 677 575 cem
689 560 767 581 accipitis,
776 562 791 576 et
802 560 868 581 gloriam
878 565 915 581 quie
922 566 930 576 a
939 561 969 576 solo
978 561 1001 576 Dea

643 586 672 603 est,
681 589 712 600 non
720 585 803 605 quaeritis?
812 585 841 604 Qui
849 590 887 606 ergo
895 585 911 601 in
919 585 947 601 boe
954 585 1001 601 mundo

643 609 711 629 eupiunt
723 609 803 627 honorari,
813 609 878 625 exaltari
891 612 919 625 aut
930 610 1001 628 dominari,

643 633 716 654 indignos
728 638 746 649 se
758 634 819 650 faciunt
832 634 893 650 honore
907 634 969 653 coelesti,
979 639 1001 650 not

642 663 679 674 vere
689 660 727 674 sunt
736 658 778 674 servi
788 660 836 679 atque
845 659 921 680 discipuli
931 659 986 675 Christi.

662 682 784 699 Consideremus
792 687 830 703 ergo
838 683 910 704 quotidie
918 688 957 704 quae,
964 688 1002 704 qum

642 709 658 723 ta
665 709 681 723 et
688 707 741 728 qualia
751 712 781 728 pro
790 708 837 724 nohis
847 708 923 724 sustinuit
931 708 975 724 Filius
982 708 1001 724 Ρι-

642 732 671 748 tris
678 732 742 752 aeterni3
753 734 769 748 et
776 732 844 748 maxime
852 737 937 749 caveamus
945 738 962 749 ne
968 733 1001 754 quod

642 781 705 800 tellites,
714 781 776 797 Christo
786 781 889 802 corporaliter
897 784 929 798 tam
939 782 1001 798 scelerate

641 805 719 824 fecerunt,
732 810 760 822 nos
773 806 788 822 ei
801 806 906 827 spiritualiter
920 807 1002 828 :equivalen-

641 832 665 846 ter
671 835 690 846 ac
698 830 854 851 proportionabiliter
862 831 944 847 faciamus.
950 831 971 847 Ab
978 831 1001 847 illis

641 855 701 876 quippe
711 857 736 871 est
746 855 813 871 traditus
823 858 839 871 et
849 856 912 875 illusus,
921 858 1001 877 consputus,

641 879 691 900 spinis
699 882 788 899 coronatus,
796 880 885 901 flagellatus
893 882 940 901 atque
946 881 1001 896 occisus,

641 904 678 923 oum
687 904 741 920 omnia
749 904 811 920 Christo
818 905 890 925 quotidie
898 905 957 921 faciunt
966 904 1001 925 impii

642 929 732 948 Christiani,
741 929 760 944 de
770 929 829 949 quihus
839 929 862 945 ait
871 929 955 950 Apostolus
963 935 966 946 ;
973 930 1032 945 nur-aem
1038 932 1046 942 Δ-

641 958 677 969 surn
688 953 801 974 crucifigentes
811 953 842 969 sibi
853 954 912 970 Filium
923 954 954 972 Dei,
964 956 977 970 et
984 958 1003 969 os

642 978 693 994 tentui
700 977 782 994 habentes.
790 978 862 994 Christus
870 979 930 994 etenim
938 979 1003 995 habetes-

642 1008 659 1019 se
670 1003 687 1018 in
698 1008 715 1018 se
726 1003 766 1024 ipso,
775 1005 791 1019 et
800 1003 838 1019 item
850 1003 866 1019 iu
877 1004 926 1019 corde
937 1004 1003 1020 fidelium.

642 1027 778 1046 Quemadmodum
795 1032 832 1048 crgo
849 1028 919 1044 ineunti
934 1028 978 1044 Judaei
991 1029 1004 1043 el

642 1077 661 1093 ad
672 1081 707 1093 esse
717 1079 733 1092 et
742 1077 796 1093 vivere
807 1077 895 1093 humanum
909 1078 949 1098 quod
959 1076 1004 1093 babuit

643 1102 659 1117 in
671 1106 688 1117 se
701 1102 741 1122 ipso,
751 1102 775 1117 sie
787 1102 833 1122 impii
844 1102 930 1118 Christiani
941 1101 1004 1118 occidunt

642 1131 679 1142 eum
689 1128 767 1147 qnantum
776 1126 795 1142 ad
803 1131 838 1142 esse
845 1127 888 1147 quod
897 1126 945 1143 habet
951 1127 965 1142 in
972 1126 1004 1142 ride-

642 1151 682 1167 lium
690 1151 813 1170 eordibus,dum
821 1156 859 1167 eum
867 1156 896 1172 per
903 1153 965 1172 peccata
972 1155 1004 1166 mur·

642 1176 679 1192 talia
688 1176 707 1192 de
715 1180 744 1192 suo
754 1178 781 1192 aut
788 1176 898 1197 proximorum
907 1176 953 1192 corde
960 1175 1004 1196 expel—

642 1201 682 1219 lunt,
688 1202 736 1221 atque
743 1200 806 1216 diabolo
814 1201 866 1216 cordis
874 1201 899 1216 sui
907 1200 1005 1217 habitaculum

642 1225 711 1241 trudunt,
724 1225 796 1246 Insuper,
809 1225 885 1248 quoniam
899 1225 967 1241 Christus
979 1224 1004 1240 sibi

642 1251 705 1270 reputat
713 1249 749 1266 fieri
759 1250 801 1270 quod
811 1249 845 1265 suis
854 1249 873 1265 fit
882 1250 957 1266 membris
963 1249 1005 1270 (unde

642 1274 661 1290 ad
673 1275 739 1290 Paulum
753 1274 805 1290 adhue
817 1276 936 1295 persecutorem
950 1274 1006 1290 creden-

642 1299 682 1315 tium
694 1299 734 1315 dixit
744 1304 748 1315 2
759 1299 811 1318 Saule,
819 1299 871 1318 Saule,
879 1299 919 1320 quid
929 1304 953 1315 me
983 1297 1046 1314 'selas-⁸¹

642 1324 707 1345 queris‘l
718 1324 750 1345 Ego
760 1329 796 1340 sum
807 1324 852 1340 Iesus
861 1324 955 1343 Naurenus,
988 1327 1007 1339 em
