1079 1569
238 123 269 139 ³⁹8

766 61 774 68 a

356 127 430 139 uomica
441 128 446 139 ι
456 127 583 142 ouanuuxsunfl.
593 132 613 135 -—
623 128 644 139 Αι)
654 128 752 144 λκιιῦιοὸοες
763 128 812 140 satum
823 128 895 140 summus

236 170 342 186 tentationum
352 170 417 191 laqueos
426 170 485 191 ubique
494 170 584 188 extendere,
593 172 611 185 ut
617 170 630 185 Α
638 175 655 185 se
663 170 768 186 succumbere
775 171 831 189 cernit,
839 171 859 186 ad
866 171 898 186 alia
905 171 997 187 tentationum

237 195 349 215 quoquomodo
361 195 436 210 virtutem
449 195 548 210 credentium
561 195 611 215 possit

236 223 348 240 corrumpere3
361 219 405 235 novit
420 219 445 235 eui
460 219 512 235 earnis
527 219 610 235 illecebras

237 244 302 264 ingerat,
316 244 341 259 cni
356 244 420 260 invidia
433 244 477 259 virus
492 244 570 263 inlundat,
584 243 610 259 cui

237 268 303 284 luxuriae
313 269 415 284 incitamenta
423 271 501 289 apponat3
510 269 554 284 novit
562 273 610 289 quem

236 297 304 309 moerore
318 293 407 312 conturbet,
423 298 471 314 quem
486 293 545 314 gaudio
559 292 609 311 fallat,

235 322 284 338 quem
295 320 339 333 metu
350 318 435 339 opprimat,
446 322 494 339 quem
505 318 610 333 admiratione

235 342 310 362 seducat;
320 343 392 358 omnium
403 342 468 358 discutit
478 347 535 361 mores,
544 342 610 358 ventilat

236 371 287 386 cuns,
303 369 383 383 scrutatur
396 367 470 385 affectus.
485 369 501 383 et
515 367 538 383 ibi
553 367 610 387 quoerit

235 391 278 407 viam
286 393 301 407 et
309 396 365 408 causas
372 392 446 410 nocendi,
454 391 481 407 ubi
489 392 548 407 viderit
555 396 610 412 quem-

236 421 283 437 quam
293 416 387 437 diligentius
397 416 476 437 occupari.
485 416 536 435 Quum
545 421 582 437 ergo
589 416 610 432 sit

235 443 278 457 tanta
285 443 340 457 contra
349 446 378 457 nos
389 441 478 457 imbecilles
487 441 545 457 astutia
553 441 610 457 daemo-

638 194 679 210 hella
694 195 784 215 instaurat3
799 195 869 211 intuetur
883 195 998 216 uniuscujusque

638 223 690 234 mores
705 219 730 234 cui
745 219 784 235 vitio
800 220 833 235 sint
846 219 938 240 propinqui,
952 221 965 235 et
978 220 998 235 illa

638 243 712 264 proponit
723 246 760 259 ante
771 244 828 260 faeiem
841 244 861 260 ad
872 249 908 265 quio
918 244 960 260 novit
968 244 998 260 mi-

637 268 668 284 lins
683 268 756 284 inclinari
771 271 847 284 mentem.
860 269 900 284 l-linc
914 269 936 284 ait
946 269 997 289 Euge:

637 293 712 309 Diabolus
722 293 785 314 quando
794 293 867 314 decipere
875 293 945 314 aliquem
953 295 998 312 tentat,

638 317 682 338 prius
692 320 765 334 naturam
774 318 810 338 ejus
820 318 914 337 considerat,
922 320 938 334 et
946 318 978 334 inde
986 323 998 334 se

637 342 707 363 applicat
718 343 760 358 unde
771 345 827 363 aptum
839 342 918 363 conspicit
928 343 998 358 hominem

637 367 656 382 ad
667 367 760 383 tentandum
770 372 788 383 ao
797 367 911 388 superandum.
919 367 978 383 Blandis
985 372 999 383 ac

638 391 700 407 levibns
710 392 790 407 mentibus
799 397 841 413 saepe
848 392 927 408 luxuriam
936 392 999 413 proponit

637 416 736 437 gloriamque
748 416 820 436 inanem;
832 416 893 437 asperis
905 421 943 432 vero
953 417 999 432 menti-

638 441 673 459 bus,
681 441 726 459 iram,
734 441 826 462 superbiam
833 441 866 457 sive
875 441 975 457 lorociam.—-
982 441 999 457 Ex

236 470 280 484 num,
289 467 352 482 utamur
362 468 378 482 et
388 470 416 482 nos
426 466 470 482 omni
481 466 522 481 bona
532 465 610 481 industrie
618 466 630 481 B
637 465 696 486 quibus
704 465 779 481 omnibus
787 468 848 481 constat
855 466 915 481 dictum
924 466 961 482 illud
968 471 1000 486 quo-

236 490 282 506 nobis
290 490 367 511 possibili.
372 490 465 506 Consideret
472 490 582 511 unusquisque
590 490 609 506 ad

236 520 271 536 quaa
284 517 353 536 peecata,
366 515 386 531 ad
398 520 437 536 quas
450 515 531 536 passiones
543 515 564 531 sit
575 519 610 536 pro-

236 540 277 559 nior,
285 542 301 556 et
311 540 330 556 de
341 540 399 561 quibus
411 540 459 556 rebus
470 540 520 560 magis
530 542 609 560 tentetur;

236 566 252 580 et
259 566 314 580 contra
321 565 348 580 illa
355 566 452 580 tentamenta
459 570 477 580 ae
485 565 524 580 vitia
530 564 611 585 specialis-

236 589 282 607 sime,
290 589 399 605 indesinenter
409 594 427 605 ac
438 589 558 610 infatigabiliter
568 589 609 604 relu-

236 616 293 632 ctetur,
298 619 327 630 nec
335 616 386 630 cesset
393 618 476 635 quousque
484 614 516 629 Deo
523 613 610 629 auxiliante

236 638 330 659 triumphet.
340 639 374 655 Imo
384 639 430 659 juxta
441 638 529 654 doctrinam
542 638 611 654 Philoso—

237 663 264 684 phi
277 663 296 679 de
308 663 352 684 virga
366 668 420 682 curva,
433 668 481 684 quam
496 663 509 679 si
525 662 610 679 rectisicari

237 688 299 706 debeat,
311 692 351 709 opus
363 690 388 704 est
400 688 441 704 ultra
453 688 523 703 medinm
536 687 579 703 flecti
591 692 610 703 ac

237 713 323 731 recurvati,
332 714 349 728 ut
356 713 379 728 sie
388 713 450 728 tandem
461 712 477 728 in
487 712 539 728 medio
548 714 611 728 maneat

237 737 280 757 sixa;
290 737 314 753 sie
325 737 409 758 religiosus
423 737 443 753 ad
455 737 500 755 iram,
514 737 611 757 impatienti-

637 490 710 506 rumdam
723 495 755 506 non
767 495 802 506 esse
814 492 871 509 ratum,
882 490 967 506 dicentium
976 491 1000 506 d*

638 519 701 531 monem
716 515 766 531 semel
779 515 799 531 ab
814 515 868 536 aliquo
881 515 941 531 victum
955 515 1000 531 statim

637 540 724 558 discedere,
733 544 762 555 nec
770 540 844 556 eumdem
852 540 933 556 hominem
940 540 1000 561 amplius

638 564 736 585 impugnare.
745 564 777 580 Nec
786 564 801 580 Si
810 565 877 580 Thomas
887 564 917 580 hoc
926 564 999 585 approbat,

638 593 687 609 quum
700 589 717 604 in
729 589 771 605 Luca
783 589 802 605 de
814 589 877 605 Christo
891 589 956 608 dicatur,
967 589 1030 606 Con-1⁸³2
1039 601 1043 605 ,

637 615 716 629 summata
725 613 769 629 omni
777 613 870 632 tentatione,
878 613 950 629 diabolus
959 618 1000 629 reete

637 638 658 653 sit
668 638 688 653 ah
699 642 719 654 eo
730 643 780 659 usque
792 638 811 654 ad
822 640 886 659 tempus
895 643 898 654 :
906 643 938 659 quo
949 641 1001 654 constat

637 663 680 683 quod
694 663 796 683 postmodum
810 663 862 678 rediit.
877 663 914 679 Ideo
927 668 1001 684 nunquam

637 687 688 703 simus
698 687 715 703 in
726 687 756 703 ista
765 687 796 703 vita
806 688 859 703 securi
868 689 896 703 ant
905 690 981 708 terpentes
989 689 1001 703 et

638 712 684 732 pigri,
693 716 723 727 nec
733 712 752 727 de
763 712 845 732 triumpho
855 712 934 733 praeterito
943 712 1002 728 inaniter

637 736 729 756 gloriantes,
742 737 769 752 sed
784 741 848 757 semper
862 737 881 753 ad
895 737 955 753 acriora
968 737 1002 752 bella

237 767 268 780 am,
279 762 365 781 tristitiam,
374 762 482 780 voracitatem,
492 762 573 782 pigritiam
583 763 611 777 aut
619 761 630 777 C
638 761 694 782 parati,
703 761 814 787 spiritualibus
824 761 873 777 armis
884 762 947 780 muniti,
955 764 970 777 et
979 767 1002 777 un-

236 787 284 802 aliam
299 787 388 807 passionem
404 786 485 807 proclivis,
498 788 552 802 contra
566 786 610 801 illam

237 813 269 827 tam
280 811 342 827 leniter
353 811 439 832 praelietur,
447 813 464 826 ut
474 811 490 826 in
501 815 520 826 ea
530 811 576 831 quasi
587 810 610 826 nl-

237 838 261 852 tra
273 836 344 852 medium
357 840 374 851 se
386 836 439 851 vincat
451 840 469 851 ac
481 835 548 856 frangat,
560 835 610 851 donec

237 861 254 876 in
265 860 317 876 medio
328 860 414 876 roboretur.
424 860 460 876 Ideo
468 860 533 881 expedit
540 862 558 875 ut
565 864 610 875 suam

237 885 305 906 quisque
317 885 444 906 complexionem
456 887 530 905 agnoscat
542 889 546 900 t
557 886 610 905 quate-

237 914 267 925 nus
279 909 293 925 si
305 909 395 925 cholericus
409 911 438 928 est,
451 911 506 925 contra
520 909 559 924 iram
574 909 610 929 plus

237 936 306 955 pugnet;
318 934 332 950 si
347 933 468 954 phlegmaticus,
481 935 535 949 contra
550 933 610 954 pigriti-

237 963 274 978 am3
289 959 302 974 si
318 958 448 977 melancholicus,
461 960 515 974 contra
529 958 610 974 tristitiarn

237 986 284 1004 atque
295 983 382 1003 invidiam3
392 983 405 998 si
415 987 453 998 vero
462 983 565 1003 sanguineus,
574 987 610 998 con*

237 1010 262 1024 trs
274 1008 388 1026 carnalitatem,
401 1007 520 1023 dissolutionem
533 1009 550 1023 et
561 1007 610 1023 animi

238 1033 356 1049 relaxationem.

638 786 686 806 dique
694 786 815 806 circumspecti:
822 786 910 807 praesenim
918 791 966 807 quum
974 787 1002 802 nni-

638 810 696 831 euique
704 810 777 826 dieantur
784 811 816 827 duo
823 811 875 831 angeli
884 811 960 832 deputati,
968 816 1002 826 unus

638 835 690 851 malus
701 835 721 851 ad
732 835 832 854 exercitium,
842 835 882 851 alter
893 836 944 852 honus
956 836 970 851 in
981 836 1002 851 ad-

637 860 720 880 jutorium,
728 860 756 880 qui
767 864 817 880 usque
828 860 844 876 in
856 860 906 876 linem
917 861 953 876 vitae
962 860 1003 880 hujus

638 889 675 900 cum
691 884 755 900 homine
770 886 839 900 manenti
855 885 895 900 l-linc
910 885 1003 901 Cassiodorus

638 909 660 924 ait
671 913 674 924 :
685 908 756 924 Tentatio
768 909 798 924 ista
809 914 818 924 a
830 909 902 925 daemone
915 911 938 925 est
950 909 1002 925 bellurn

638 938 685 954 grave
693 935 741 954 atque
750 933 837 952 occultum,
845 934 883 954 quia
893 939 929 950 cum
940 934 1002 951 tui-tion.

638 960 653 973 et
664 958 740 978 quoniam
752 958 802 974 hostis
813 958 862 979 hujus
874 959 935 975 insidi-e
947 963 977 975 non
986 959 1004 974 vi-

638 983 700 998 dentur.
716 983 736 998 Et
750 983 784 1003 ipse
798 983 899 999 adversarius
914 988 943 999 nec
957 983 1003 999 lahore

638 1007 698 1025 delicit,
707 1012 736 1022 nee
747 1007 799 1023 victus
810 1007 896 1028 aliquando
909 1008 926 1023 in
936 1010 968 1024 toto
978 1008 1004 1023 dis«

638 1031 680 1047 cedit
692 1036 696 1047 1
709 1032 742 1048 ime
753 1033 797 1048 tanto
811 1032 879 1048 atrocior
893 1032 939 1051 redit,
952 1034 1004 1053 quanto

258 1058 339 1076 Praeterea,
348 1062 377 1078 per
387 1057 417 1073 hoc
429 1057 471 1077 quod
483 1056 556 1072 diabolus
567 1056 611 1072 Chri-
618 1058 631 1073 D
638 1056 695 1072 lortius
705 1061 734 1077 per
743 1056 813 1072 divinam
823 1057 890 1077 gratiam
900 1057 989 1073 debellatur.

239 1084 281 1098 stum
290 1082 358 1103 primam
366 1081 469 1097 tentationem
478 1081 573 1100 vincentem,
582 1083 611 1097 sta-

238 1107 268 1122 tim
276 1106 342 1122 tentavit
349 1106 369 1122 de
376 1106 407 1122 alio
416 1106 462 1124 malo,
471 1106 561 1121 insinuatur
568 1106 610 1127 quod

238 1131 311 1147 diabolus
323 1130 372 1147 semel
384 1130 436 1146 victus
448 1134 479 1146 non
494 1130 566 1151 protinus
578 1130 612 1146 abit

238 1160 302 1176 semper
311 1157 339 1171 aut
347 1157 398 1171 cessat
406 1159 409 1170 :
418 1155 451 1171 imo
461 1155 553 1175 frequenter
562 1155 611 1170 insur-

238 1181 261 1202 git
269 1180 342 1198 validius,
350 1180 432 1200 impugnat
439 1179 513 1198 atrocius,
522 1181 538 1195 et
545 1179 565 1195 de
572 1180 611 1195 vitio

238 1207 289 1221 tentat
298 1204 414 1226 periculosiori,
423 1204 557 1225 quemadmodum
568 1204 612 1220 Chri-

239 1232 281 1246 stum
291 1230 344 1250 primo
352 1229 372 1245 de
380 1229 483 1244 conversione
493 1229 588 1245 miraculosa
596 1230 612 1244 et

238 1254 276 1275 gula
290 1256 374 1272 tentatum,
386 1258 404 1269 ao
419 1255 526 1274 superantem,
541 1258 577 1269 mox
592 1253 612 1269 de

239 1284 279 1295 vana
290 1279 339 1299 gloria
350 1278 468 1298 tentationeque
479 1278 507 1294 Dei
518 1278 612 1298 impugnare

239 1303 346 1325 presumpsit.
361 1303 422 1319 Idcirco
436 1302 494 1318 latetur
508 1302 593 1323 Gregorius
607 1307 611 1318 z

240 1329 318 1350 Antiquos
328 1328 378 1344 hostis
387 1327 425 1343 dum
435 1332 454 1343 ex
463 1327 516 1348 primo
525 1327 612 1343 certamine

658 1081 710 1099 Porro,
719 1086 748 1102 per
758 1081 788 1097 hoo
798 1082 840 1102 quod
850 1082 914 1098 diabolo
924 1084 948 1098 ter
957 1082 1004 1098 coutu-

638 1108 675 1124 tato,
686 1108 786 1121 accesserunt
798 1106 848 1122 sancti
860 1107 912 1127 angeli
924 1109 940 1122 et
950 1107 1004 1123 Christo

639 1130 774 1149 ministraverunt,
784 1131 880 1152 exprimitur
892 1132 934 1152 qnod
943 1132 1004 1147 vicio-es

639 1155 743 1171 tentationum
753 1160 762 1171 a
769 1156 801 1171 Deo
809 1160 827 1171 ae
837 1156 898 1176 angelis
907 1156 1003 1174 honorantur.

639 1179 749 1196 confortantur
761 1184 780 1196 ac
794 1180 901 1197 eonsolantur.
914 1181 933 1197 Et
947 1181 976 1197 hoc
988 1181 1003 1196 ad

639 1204 743 1225 praeliandum
756 1204 841 1221 lenissime
852 1207 906 1221 eontra
916 1206 1004 1221 tentationes

638 1234 657 1244 ac
667 1229 706 1244 vitia
717 1229 764 1245 dohet
775 1234 803 1245 nes
816 1230 921 1249 inflammare,
930 1230 972 1251 qnod
981 1230 1005 1246 Do-

639 1254 698 1272 minus,
706 1259 739 1272 rex,
748 1254 789 1270 Deus
799 1256 815 1270 el
823 1257 884 1271 creator
892 1257 952 1274 noster,
959 1258 974 1271 et
982 1260 1005 1270 an-

638 1278 675 1299 geli,
684 1280 764 1294 certamen
775 1281 846 1295 nostrum
857 1279 954 1300 adspiciunt,
962 1283 975 1296 et
984 1285 1004 1296 ω-

638 1308 694 1319 ronare
702 1303 770 1319 victores
780 1304 876 1324 paratissimi
887 1307 950 1321 exstant
958 1310 961 1321 ε
969 1305 1004 1321 siout

638 1328 712 1344 videmus
724 1328 766 1349 quod
779 1328 837 1344 milites
850 1329 948 1350 adspiciente
960 1330 1004 1351 impe
