1079 1569
170 266 238 281 &amia

169 413 197 424 om
200 417 221 427 nn,
224 415 235 425 a.

172 438 203 449 cm„
207 438 235 453 sap.

169 457 176 466 ι,
182 455 199 468 ιι,
205 455 221 465 ια.

175 708 224 722 Pana.

167 756 231 769 munitur

165 857 194 868 ltu<
198 858 231 870 :tw⁴

178 882 199 893 Ρι,
205 885 216 895 v.
221 883 231 893 ⁷⁴

164 931 192 945 sa„⁴
197 932 231 944 ma.

170 1129 194 1140 ,1η-
198 1129 231 1142 um.

170 1276 174 1287 1
181 1276 213 1288 Petu
223 1280 230 1290 ι,

164 1293 181 1305 n.
189 1293 205 1303 iar

244 116 275 133 482

459 122 533 134 nutrimen
544 122 627 133 passumus.
637 126 658 129 —
668 122 717 134 smmi
728 122 805 134 SECUNDUS

245 168 277 184 quo
284 166 359 180 tenentur
366 164 425 185 captivi
432 164 452 180 ed
460 164 510 185 ipsius
518 164 618 180 voluntatem.
627 163 640 179 Α
647 164 692 180 brevi
703 169 722 180 ac
733 164 761 180 vili
774 164 879 180 delectatione
891 169 908 180 se
920 165 1004 181 daemonibnx

265 188 322 207 Quarta
334 188 401 204 stultitia
411 191 440 207 est,
453 189 495 209 quod
508 191 583 209 tanquam
597 189 619 204 in-

245 214 304 229 sensati
313 213 329 229 in
337 218 353 229 se
362 213 404 234 ipsos
412 218 469 229 manus
477 213 557 234 injiciunt,
564 214 620 234 quoni·

245 243 270 253 am
278 238 358 259 peccando
366 238 427 253 animas
437 243 473 253 suas
481 238 585 259 spiritualiter
594 242 619 254 oc<

245 262 306 281 cidunt,
316 263 362 283 juxta
372 263 410 278 illud
421 262 505 283 Sapientiae
516 267 519 278 :
530 263 581 278 Homo
590 267 619 283 per

245 287 322 303 malitiam
330 287 388 303 occidit
395 287 465 303 animam
473 292 522 303 suain.
530 287 569 303 Nam
577 287 619 303 sicut

244 312 316 333 corporis
323 312 356 327 vita
363 314 387 327 est
394 312 452 331 anima,
462 312 483 327 ita
490 312 522 327 vita
529 312 587 328 animae
594 314 618 328 est

244 336 286 352 Deus
296 338 312 352 et
321 336 371 357 gratia
381 336 421 357 ejusv
429 336 459 355 Qui
468 338 521 352 autem
531 336 618 352 mortaliter

243 363 304 381 peccat,
313 363 376 382 separat
383 366 400 377 se
407 366 416 376 a
426 361 458 377 Deo
466 363 481 376 et
491 361 543 382 perdit
550 361 617 381 gratiam

242 385 283 406 ejus.
294 386 330 401 Ideo
342 390 371 406 per
383 385 422 401 Osee
434 386 528 406 proplietam
540 385 617 401 Dominus

242 410 313 431 loquitur
323 410 403 431 peccatori
412 415 415 426 :
424 410 492 426 Perditio
502 412 529 425 tua
539 415 558 426 ex
569 412 589 426 te.
599 410 617 426 Et

242 434 308 455 Sapiens
320 435 377 450 asserit
385 439 388 450 :
397 434 481 455 lnjustitia,
489 434 545 450 mortis
557 436 581 450 est
592 439 617 450 ac-

646 189 722 204 vendunt.

666 213 723 229 Octava
731 213 798 229 stultitia
805 215 834 232 est,
843 214 885 234 quod
894 214 957 234 pessimi
964 215 1004 230 coasi-

646 238 686 253 liarii
700 238 771 254 consiliis
782 238 892 259 acquiescunt,
903 240 919 254 et
930 239 985 259 optimi,
991 239 1004 254 Γι-

645 262 723 278 delissimi
734 267 752 278 ac
762 263 876 283 sapientissimi
887 263 969 279 consiliarii
977 268 1004 279 oon-

645 287 681 302 silia
690 289 772 307 spernunt⁴
782 287 831 303 Habet
840 287 884 303 enim
895 287 942 303 bomo
950 288 1004 308 quilibet

645 311 719 332 angelum
730 311 790 327 bonum
800 316 818 327 ac
828 312 895 330 malum,
901 312 945 333 quasi
954 313 1004 328 mnisili⁴

645 336 687 351 arios
698 336 738 351 duos
749 340 752 351 :
763 338 779 352 et
790 336 863 352 diabolus
872 336 893 352 ad
902 341 948 352 omne
956 337 1004 352 malum

645 360 718 380 instigat:
726 360 797 381 angelus,
806 361 825 376 ad
837 365 885 376 omne
898 361 960 377 bonnm.
968 361 1004 382 lmpii

644 386 697 400 autem
706 385 796 401 daemonum
806 385 904 406 suggestioni
912 386 1004 404 consentiunt,

644 411 660 424 et
667 409 760 430 angelorum
769 411 861 425 sanctorum
871 410 977 430 inspirationes
985 410 1005 426 dc-

645 433 715 454 spiciunt
723 438 726 449 :
735 435 751 449 et
761 434 782 449 ita
793 434 844 450 multo
854 434 934 450 stultiores
943 437 976 450 sunt
984 435 1005 450 bc

241 459 316 480 quisitio;
326 459 372 480 impii
384 461 438 475 autem
449 459 523 475 manibus
535 461 551 475 et
563 459 616 475 verbis
625 458 637 474 B
645 458 688 473 mine
701 458 792 474 ambulante
805 458 822 474 in
834 463 891 479 campo
904 459 944 474 inter
955 459 1005 475 bonum

241 484 348 499 arcessierunt
355 484 404 499 illam,
412 483 452 499 Hinc
460 484 522 504 quoties
530 484 567 504 quis
575 488 616 499 mor-

240 508 294 524 taliter
301 511 362 529 peccat,
370 508 416 524 toties
424 508 481 524 animm
488 513 521 524 sum
529 508 575 524 letale
583 508 616 524 vul-

240 538 271 548 nus
282 533 347 553 infligit.

259 558 317 576 Quinta
324 558 391 573 stultitia
398 559 428 576 est,
436 557 479 578 quod
488 562 505 573 se
513 557 556 578 ipsus
566 557 615 573 maxi-

239 587 265 598 me
272 582 376 603 odiunt‚quia
383 582 426 603 quod
434 582 503 597 maxime
511 582 535 598 eis
543 584 595 600 nocet.
599 582 615 598 id

239 608 319 627 qummnt,
326 609 382 627 optant
388 609 404 622 et
411 608 464 627 agunt.
473 607 537 622 Peccata
546 611 615 627 namque

238 637 274 652 quae
284 632 330 653 impii
340 633 399 650 amant,
407 631 487 650 videlicet,
498 631 579 650 fornicari,
590 631 614 647 iu-

238 656 275 675 rari,
289 656 359 675 mentiri,
370 658 407 675 etc.y
417 656 487 672 animam
500 656 587 677 perimunt,
599 658 615 672 et

238 681 253 697 ei
268 683 343 697 aeternam
358 685 422 701 poenam
437 683 528 701 procurant.
542 681 579 696 Ideo
592 681 615 696 ait

238 706 316 726 Propheta
331 710 335 721 2
349 705 378 724 Qui
393 705 445 725 diIigit
460 705 569 726 iniquitatem,·
581 705 615 721 odit

238 730 309 746 animam
317 730 389 745 suamJn
398 729 438 745 libro
446 729 567 745 Proverbiorum
576 734 614 750 quo-

644 482 726 498 ductorem
739 483 860 504 pessimumque
873 483 953 502 latronem,
961 486 975 499 et
984 484 1005 499 dr-

644 507 721 527 spiciente
729 507 833 523 directionem
841 508 879 524 boui
887 508 960 527 ductoris,
966 510 1005 529 atque

643 534 720 552 sequente
729 532 805 547 ducatum
814 532 880 553 maligni
891 532 954 548 latronis
963 533 979 548 ad
988 533 1006 548 in-

643 556 753 572 tersectionem
764 557 842 573 ducentis.

662 581 706 597 Nona
714 581 782 597 stultitia
789 583 818 600 est,
824 582 867 602 quod
874 582 935 598 animas
942 587 975 598 suas
981 587 1005 598 1·oe-

643 605 678 621 lesti
689 606 722 626 regi
732 606 772 622 Filio
782 606 811 622 Dei
819 608 876 627 nuptas
886 609 903 622 et
912 609 1004 625 consecratas,

643 630 742 646 daemonibus
750 631 849 651 prostituunt
856 631 953 652 polluendas.
960 631 1005 647 Omnis

642 655 702 671 etenim
717 655 798 671 rationalis
812 656 871 674 anima,
884 658 909 672 est
921 656 946 672 vel
957 656 1005 672 Christi

642 684 705 700 sponsa,
718 680 743 695 vel
756 679 816 696 diaboli
827 680 904 696 adultera-
918 681 933 696 Si
947 685 1005 701 namque

642 704 658 719 in
670 704 735 720 caritate
747 707 763 720 et
774 705 825 725 gratia
837 707 866 723 est,
875 709 933 726 sponsa
944 707 966 721 est
977 705 1005 721 ?ilii

642 729 678 748 Dei;
686 729 700 745 si
711 733 748 744 vero
759 729 776 745 in
787 729 850 745 mortali
862 732 886 745 est
896 730 948 751 culpa,
955 730 1005 745 diaboli

238 759 270 775 que
278 754 345 770 babetur
353 758 357 770 z
366 754 451 775 Usquequo
458 754 503 770 stulti
513 759 532 770 ea
539 759 574 775 qua:
582 754 614 770 sibi
623 754 634 771 C
642 755 693 769 exstat
707 754 783 769 adultera.
798 754 843 770 Tales
858 759 922 775 quoque
937 754 1005 775 templum

238 779 296 796 nociva
306 781 343 795 sunt
354 779 431 800 cupienti

259 804 305 820 Sexta
319 804 387 820 stultitia
400 806 429 822 est,
442 804 484 824 quod
497 809 514 819 se
526 804 569 825 ipsos
581 804 613 820 Deo

238 829 307 845 odibiles
323 829 389 847 iaciunt,
403 828 449 849 juxta
465 828 504 844 illud
520 829 613 845 Proverbia-

239 858 274 869 rum
288 858 291 869 :
302 853 413 870 Abominabile
425 853 457 869 Deo
469 858 496 869 cor
508 858 580 874 pravum.
594 853 613 869 Et

238 878 321 894 Psalmiste
329 878 400 899 loquitur
409 878 441 893 Deo
450 882 453 893 :
462 878 512 894 Odisti
522 882 578 894 omnes
585 878 613 899 qui

238 905 325 923 operantur
341 902 447 923 iniquitatem.
465 902 532 923 Sapiens
549 907 613 923 quoque

238 927 261 943 ait
274 932 277 943 :
291 927 329 943 Odio
344 929 381 943 sunt
394 927 426 942 Deo
439 927 498 947 impius
511 929 526 943 et
539 927 613 948 impietas

239 952 279 972 ejus.
288 952 424 970 Quemadmodum
435 951 479 967 enim
490 951 579 967 similitudo
589 954 613 967 est

238 981 287 993 causa
297 976 361 994 amoris,
369 976 392 992 sic
404 976 518 992 dissimilitudo
530 981 577 992 causa
589 978 614 992 est

238 1001 276 1017 odii.
285 1001 349 1017 Peccata
360 1003 414 1016 autem
425 1003 462 1016 sunt
474 1000 613 1016 dissimilitudines

238 1027 254 1041 et
265 1025 356 1041 aversiones
367 1030 376 1041 a
388 1025 425 1044 Deo,
434 1025 541 1046 turpitudiues
554 1025 613 1041 anima«

641 778 710 799 Spiritus
721 778 773 794 Sancti
785 779 845 795 violant
855 781 871 795 et
880 779 897 795 in
907 779 979 796 daemonis
988 779 1005 795 sa-

641 808 680 818 num
691 805 758 819 mutent.
769 803 814 819 Teste
824 804 885 825 quippe
894 804 972 825 Apostolo,
979 809 1006 820 cor—
1015 807 1046 817 1s1*

641 832 680 848 pora
694 828 777 844 hominum
793 828 871 844 bonorum
885 831 923 844 sunt
937 829 1005 850 templum
1011 824 1019 833 “’

641 852 710 873 Spiritus
722 853 781 870 Sancti.
789 853 806 868 in
816 853 840 869 eis
852 858 881 874 per
888 854 957 874 'gratiam
969 854 1005 869 babi-

641 877 689 894 tantis
700 881 703 893 :
714 882 762 897 quem
773 877 861 893 mortaliter
871 878 950 898 peccando
961 878 1006 899 erpel-

641 901 681 920 lunt,
694 903 741 922 atque
754 906 783 922 pro
795 906 815 917 eo
826 902 932 918 habitatorem
944 903 1006 918 introdu-

641 928 679 941 cunt
691 926 778 945 diabolum,
790 927 837 947 cujus
849 931 887 942 vasa
898 929 914 943 et
925 927 1006 943 habitacula

641 952 678 966 sunt
689 950 745 971 iniqui.

661 975 725 991 Decima
735 975 802 991 stultitia
812 978 841 994 est,
851 976 894 997 quod
904 976 1006 997 insipientissi-

641 1005 666 1015 me
677 1000 743 1020 eliguut,
751 1000 835 1016 Peccatum
845 1001 889 1016 enim
901 1003 925 1017 esi
936 1001 990 1017 mentis
999 1006 1006 1016 ι

640 1024 672 1040 Deo
680 1024 746 1040 aversior
753 1025 789 1040 Ideo
797 1027 881 1045 peccantes
890 1026 1006 1046 mortalitervpo-

238 1055 274 1065 rum
282 1052 298 1065 et
307 1049 371 1065 foetores
381 1054 442 1068 earum,
450 1049 509 1070 quibus
519 1054 571 1065 coram
581 1050 613 1065 Deo
620 1049 632 1064 l]
640 1049 672 1064 tius
684 1048 745 1069 eligunt
757 1049 834 1065 iuhaerere
846 1049 892 1065 bonis
905 1050 1005 1068 sensibilibus,

238 1074 331 1090 sordescunt
340 1079 359 1090 ac
368 1074 430 1092 metent,
438 1073 554 1090 abominabiles
562 1074 613 1090 odibi-

239 1099 293 1120 lesque
301 1098 436 1114 redduntur-‚Hine
444 1103 472 1119 per
479 1099 563 1114 Ieremiam
571 1099 613 1115 Deus

238 1124 309 1144 loquitur
316 1123 374 1139 animoe
381 1123 467 1144 peccatrici
476 1128 479 1138 :
488 1123 537 1142 Quam
545 1123 582 1139 vilis
590 1123 612 1139 sa-

239 1150 264 1164 cta
273 1153 290 1164 es
300 1148 354 1166 nimis,
362 1148 421 1163 iterans
432 1147 466 1163 vias
477 1149 521 1163 tuasl

255 1173 326 1193 Septima
333 1172 401 1188 stultitia
408 1174 437 1191 est,
441 1172 483 1193 quod
490 1172 556 1193 seipsos
564 1177 573 1188 a
580 1173 612 1188 Deo

238 1197 353 1218 pretiosissime
363 1198 431 1217 emptos,
439 1197 508 1212 maxime
518 1197 563 1217 parvi
575 1202 612 1218 pen-

238 1223 283 1241 dunt,
296 1224 344 1242 atque
356 1221 419 1237 diabolo
432 1221 510 1237 vilissime
522 1222 594 1237 vendunt
607 1226 611 1237 z

238 1247 275 1268 quia
291 1248 309 1262 ut
323 1246 398 1267 princeps
412 1246 523 1267 Apostolorum
540 1248 611 1265 testatur,

237 1272 271 1288 Non
281 1271 413 1292 corruptibilibus
423 1275 461 1286 auro
469 1271 494 1286 vel
504 1273 569 1291 argento
579 1276 612 1287 em-

237 1296 261 1317 pti
268 1300 330 1315 sumusy
338 1296 365 1311 sed
374 1295 443 1316 pretioso
453 1296 530 1316 sanguine
539 1296 575 1316 agni
584 1296 612 1311 im-

238 1320 313 1337 maculati
324 1320 387 1336 Christi.
399 1320 447 1336 Porro
457 1320 485 1340 qui
498 1322 569 1340 peccant,
583 1325 612 1341 pro

640 1073 723 1089 vilissimis
733 1075 749 1089 et
760 1074 830 1091 caducis,
841 1079 889 1094 quam
902 1074 939 1093 Deo,
951 1079 1006 1090 summo

640 1100 656 1114 et
663 1098 791 1114 incommutabili
799 1098 846 1117 bono,
853 1103 871 1114 ac
879 1099 988 1120 spiritualibus
994 1101 1006 1115 ei

640 1122 732 1138 coelestibus
744 1125 791 1143 atque
804 1123 886 1143 perpetuis
898 1123 950 1140 bonis.
963 1124 1006 1140 neum

640 1152 677 1168 ergo
685 1147 782 1168 relinquunt,
791 1149 807 1163 et
816 1148 850 1163 vias
857 1148 952 1168 perditionis
961 1149 1006 1164 hilari-

640 1174 664 1187 ter
675 1172 797 1193 apprehendunt
805 1177 809 1188 z
817 1172 877 1188 idcirco
889 1173 931 1189 male
943 1173 1006 1189 succedit

639 1197 668 1212 eis*
680 1196 723 1212 Unde
735 1197 778 1217 apud
789 1197 873 1213 Jeremiam
886 1197 964 1214 Dominus
974 1198 1005 1214 air:

640 1222 674 1237 Duo
681 1221 722 1237 mala
729 1221 768 1237 fecit
777 1222 847 1242 populus
857 1227 902 1238 meus
911 1227 915 1238 z
924 1228 950 1239 me
958 1223 1006 1239 dereli-
1014 1226 1027 1238 ιιι
1033 1224 1046 1236 ²⁸¹

639 1248 708 1266 querunt
720 1246 780 1261 fontem
795 1251 840 1267 aqum
851 1246 897 1265 vivm,
911 1249 927 1263 et
939 1247 1006 1263 foderunt

639 1270 670 1286 sibi
678 1271 754 1287 cisternas
762 1271 846 1291 dissipatas
853 1276 887 1292 quae
895 1272 975 1288 continere
981 1277 1006 1288 non

639 1295 693 1311 valent
699 1300 753 1316 aquas.
762 1295 782 1311 Et
791 1300 846 1311 rursus
853 1296 896 1316 apud
905 1297 979 1313 eumdem
987 1297 1006 1312 di-

640 1320 681 1336 citur
688 1320 766 1341 peccatori
775 1325 779 1336 2
787 1320 827 1336 Vide
834 1320 872 1341 quia
880 1321 942 1337 malurn
949 1324 965 1337 et
971 1327 1007 1338 ama-
1016 1323 1046 1336 nixa.
