1079 1569
162 200 228 213 tineae-uu⁴

167 1322 188 1333 μ’.
193 1326 228 1335 cum,

235 124 266 141 556
411 130 485 142 ΜΙῘΝΙΕΛ
496 130 512 142 m
522 130 581 142 OCTAVA
592 130 659 142 usam.
669 135 690 137 —
700 130 750 142 §mo
760 130 837 142 suemus

236 171 265 187 diti
278 176 296 188 ac
309 172 378 188 timorati
390 173 450 193 jugiter
460 173 516 192 simus,
528 173 571 189 sicut
582 173 611 189 Ha>
617 173 630 189 Α
637 178 681 189 meos
689 178 709 189 ne
716 173 780 189 videant
787 173 944 192 vanitatemouanu
950 174 1002 189 etenim

236 196 287 212 bacuc
295 197 372 218 propheta
382 197 440 213 effatur
449 202 452 213 z
461 198 512 218 Super
521 198 610 214 custodiam

236 226 288 237 meam
296 222 365 241 submet
372 222 421 243 figem
428 223 494 243 gradum
502 227 556 238 meum
563 227 611 243 super

236 246 351 267 munitionem
360 249 375 262 et
385 247 510 268 contemplabor,
520 249 537 262 ut
547 247 610 263 videam

236 270 274 291 quid
283 271 345 286 dicetur
352 271 398 290 mihi,
406 273 422 287 et
431 271 469 292 quid
478 272 582 292 respondeam
590 272 609 287 ad

235 297 329 316 arguentem
341 300 372 311 me.
384 296 459 312 oinbolus
471 296 515 312 enim
527 296 555 317 qui
568 301 611 312 nunc

236 320 306 340 suggerit
313 320 359 336 nobis
369 320 415 339 mula,
424 321 444 336 de
454 321 514 336 eisdem
525 321 572 336 malis
582 325 610 337 nos

236 346 292 365 arguet
299 344 315 360 in
323 345 349 361 die
356 345 413 365 judieii
421 345 477 364 nostri,
485 347 517 361 tam
526 345 610 366 particula-

236 369 258 385 ris
266 374 313 389 quam
322 370 422 388 universalis,
430 370 444 385 si
454 370 582 386 consenserimus
589 370 609 386 ei.

256 394 310 414 ltaque
320 394 377 410 timore
388 394 494 410 invisibilium
504 395 574 410 hostiurn
583 395 610 410 ho-

236 423 271 434 rum
280 418 357 434 debemus
365 419 415 435 clausi
423 419 483 438 sedere,
491 419 507 435 id
515 421 539 435 est
546 419 610 435 interio-

236 447 261 458 res
273 445 289 459 et
301 443 387 459 exteriores
400 448 456 459 sensus
468 446 530 460 nostros
542 444 610 460 custodi-

636 198 676 213 vitia
685 198 757 214 oriantur
767 203 787 214 ex
796 198 860 214 incauto
869 198 951 219 adspectu,
960 203 1002 219 quam

637 227 686 243 prava
693 223 771 238 desideria
781 223 868 243 iniqu-que
877 227 931 244 opera,
940 225 980 243 patet
986 228 1002 238 ex

637 247 667 263 boc
673 247 716 268 quod
722 247 771 263 David
779 252 807 263 rex
814 252 834 263 ex
841 247 869 263 tali
877 247 936 263 intuitu
944 247 960 263 in
965 247 1002 263 adul-
1010 251 1034 265 nr«
1040 255 1048 262 n

637 272 694 287 terium
700 276 718 287 nc
724 272 830 288 homicidium
836 274 860 288 esf
867 272 1002 293 prolupsunrouum

637 301 675 317 ergo
689 298 742 312 tnntus
757 296 782 312 vir
797 301 817 312 ex
831 296 920 312 inordinato
935 296 1003 317 adspectu

637 323 669 337 tam
676 321 762 337 enormiter
770 321 824 342 lapsus
831 321 912 340 sit,nonne
919 321 1004 337 stultissime

637 347 686 366 agunt
694 346 767 361 homines
777 346 829 361 adhuc
839 346 930 366 imperfecti
940 345 966 366 qui
974 350 1005 361 oce

638 371 661 386 los
675 370 745 391 undique
758 371 848 386 discurrere
862 371 923 389 sinunt,
936 370 962 391 qui
975 370 1005 386 inli-

637 397 698 411 rncrate
705 395 796 416 adspiciunt
803 396 846 416 quod
853 395 876 411 eis
884 395 972 411 desiderum
979 400 1005 411 non

638 420 685 435 licetf
692 420 712 435 Et
719 420 760 436 sicut
767 420 807 436 viris
814 420 928 436 custodiendus
937 422 962 436 est
968 420 1005 436 visus

638 444 658 460 ab
670 444 750 460 indecenti
762 444 859 460 feminarum
870 445 952 465 adspectu,
963 445 983 460 ita
992 447 1004 460 et

235 472 258 486 re,
267 470 337 483 mentem
347 468 367 483 ab
377 468 496 489 evagationibus
507 468 593 487 refrenare,
601 474 610 485 a
619 469 631 484 B
638 469 703 485 feminis
710 469 730 485 ab
738 470 815 490 adspectu
821 469 899 490 juvenum
908 474 927 485 ac
935 470 1004 488 virorum,

235 492 281 508 vanis
292 492 414 513 cogitationibus
427 495 443 509 et
454 493 516 509 vitiosis
527 493 610 509 desideriis

235 517 328 536 emundare,
341 517 439 533 voluntatem
454 517 483 533 sub
498 517 557 534 divium
572 518 610 538 legis

236 541 320 562 praeceptis
333 542 412 562 captivam
427 544 486 558 tenere.
499 542 610 558 flabit-aculam

236 571 306 587 namque
318 568 334 582 et
345 567 391 587 quasi
404 569 473 582 cestrum
484 567 541 583 snimae
553 569 610 583 nostrae

235 592 260 606 est
267 595 325 611 corpus
333 593 411 609 nostrum,
420 591 466 611 cujus
473 591 522 611 janua
532 593 557 607 est
563 596 586 610 os,
594 594 610 607 et

235 615 282 636 cujus
297 615 371 632 fenestrae
383 618 420 631 sunt
433 621 494 632 sensus.
507 616 611 634 Quemadmo-

235 640 273 655 dum
285 645 322 660 ergo
332 640 393 656 obsessi
403 640 424 656 ab
435 641 507 657 hostibus
518 640 610 656 visibilibus

235 664 275 680 ostia
283 667 299 680 et
309 665 386 681 fenestras
395 665 458 681 fortiter
466 665 548 684 claudunt,
557 670 576 681 ne
584 665 610 681 ad-

235 689 310 705 versariis
318 689 391 706 introitus
400 692 459 710 pateat,
468 692 483 706 et
491 690 504 706 si
512 695 562 705 unum
570 690 611 706 forn>

235 718 271 729 men
287 714 403 730 inohstruclum
417 714 516 735 reliquerint,
529 719 558 735 per
571 714 610 730 illud

235 743 276 759 saepe
285 738 366 754 introeunt
373 739 432 757 hostes,
440 744 458 755 ac
469 739 556 760 praevalent
562 741 578 755 et
585 743 610 755 oc-

234 763 290 779 cidunt
296 767 299 779 :
306 763 327 779 ita
335 768 384 784 quum
392 763 413 779 ab
421 764 529 779 invisibilibus
536 764 610 779 hostibus
619 763 630 780 C
637 764 657 780 tis
669 764 685 779 in
696 764 737 780 cibis
747 768 765 779 ne
776 764 845 785 potibus.

234 788 285 804 simus
296 788 363 807 obsessi,
371 789 399 809 qui
410 789 471 804 animas
484 791 545 805 nostras
558 789 610 809 impu-

233 815 283 833 gnant
291 817 319 833 per
327 817 390 834 corpus,
396 818 425 834 per
432 813 503 834 corporis
511 818 567 829 sensus
574 818 609 829 sen-

234 842 314 858 suumque
325 837 444 858 ohjecta;hinc
455 842 521 859 corpora
531 840 585 854 nostra
594 840 610 854 et

235 862 308 878 membra
324 862 374 883 ipsius
389 867 407 878 ac
423 867 479 879 sensus
495 863 575 878 custodire
591 867 610 878 ac

234 887 315 903 refrenare
325 887 408 906 debemus,
417 892 437 903 ne
447 892 476 908 per
483 892 502 903 ee
511 888 530 903 ad
539 887 578 903 vitia
586 888 610 903 in-

234 912 317 930 ducamur,
326 914 342 928 et
352 917 361 927 s
372 912 471 928 demonibus
482 917 581 933 superemun

255 937 307 952 Primo
322 941 360 957 ergo
374 938 390 952 et
402 937 544 958 valde'praecipue
558 939 610 952 custo-

234 961 288 977 diendi
299 963 346 982 atque
356 961 440 977 claudendi
450 963 488 977 sunt
497 961 545 980 oculi,
553 966 573 977 ne
582 966 610 982 per

235 986 321 1002 mulierum
334 988 362 1002 aut
376 986 443 1002 aliarum
458 991 511 1002 rerum
527 986 609 1002 incautum

234 1015 263 1026 seu
272 1015 352 1026 morosum
362 1011 455 1031 adspectum
465 1011 549 1026 inducatur
556 1011 610 1027 enimn

234 1035 254 1051 ad
262 1035 336 1051 illicitum
344 1035 459 1056 appetitum‚ad
467 1035 567 1051 libidinosam
575 1040 610 1051 oon-

235 1060 356 1080 cupiscentiem,
367 1060 386 1076 ad
398 1060 496 1076 desiderium
509 1065 562 1076 rerum
573 1060 610 1076 nlie-
617 1061 629 1076 D
654 1059 719 1080 Legitur
726 1059 746 1075 de
753 1059 768 1075 S.
773 1059 905 1080 Bernardo,quod
913 1060 951 1075 dum
958 1059 1002 1075 adbuc

235 1089 297 1100 narum.
313 1085 353 1100 Hinc
368 1085 384 1100 in
399 1085 511 1100 Ecclesiastico
524 1084 592 1100 habetur
605 1089 609 1100 2

199 1114 216 1125 t.
225 1109 317 1129 ,Virginem
329 1114 349 1125 ne
362 1109 456 1130 conspicias,
467 1114 486 1125 ne
499 1109 610 1125 scandalizeris

236 1133 252 1149 in
260 1134 317 1149 decore
324 1134 367 1154 ejus3
373 1133 406 1149 noli
414 1133 538 1154 circumspicere
546 1134 562 1149 in
570 1134 610 1149 vicis

235 1158 304 1174 civitatis
313 1163 317 1178 ;
332 1160 385 1174 averte
400 1158 455 1174 oculos
470 1160 505 1174 tuos
519 1163 528 1174 a
543 1158 610 1174 muliere

235 1185 308 1203 oomptn3
318 1185 383 1204 propter
395 1183 466 1204 speciem
478 1183 551 1199 mulieris
563 1183 610 1199 multi

235 1207 322 1228 perierunt.
332 1207 409 1223 Similiter
421 1207 505 1223 claudendi
518 1209 555 1222 sunt
567 1207 610 1223 oculi

234 1232 255 1248 ab
266 1232 325 1247 iutuitu
337 1232 436 1250 chorearum,
446 1232 579 1252 spectaculorum,
588 1234 610 1247 at-

234 1261 266 1278 que
276 1256 354 1272 similium
362 1256 455 1275 vanitatum,
463 1256 539 1277 quoniam
550 1261 579 1277 per
586 1261 610 1272 so-

236 1282 267 1297 lam
282 1281 414 1301 complacentiam
427 1283 443 1297 et
454 1286 550 1297 consensum
562 1281 610 1297 bomo

235 1306 255 1322 fit
262 1306 342 1326 particeps
350 1305 405 1321 talium
413 1305 492 1321 vitiorum,
496 1306 561 1326 Propter
568 1305 610 1326 quod

235 1332 270 1346 orat
277 1330 355 1351 Propheta
362 1330 381 1346 od
390 1330 475 1346 Dominum
481 1334 485 1346 τ
491 1330 548 1346 Averte
555 1330 610 1346 oculos

638 494 726 515 praesertim
734 494 810 514 quonium
818 494 883 510 femina
892 494 952 510 debent
958 494 1004 514 singn-

638 518 692 534 lariter
703 523 738 534 esse
750 518 833 534 custoditae
843 523 862 534 ac
872 519 971 537 verecundae,
978 523 1004 534 nou

637 543 704 560 audaces
712 548 764 564 neque
774 548 855 564 procaces,
863 548 913 564 quum
923 543 956 559 sint
964 543 1004 564 fngi-

638 568 660 583 les
670 567 721 583 valde.
730 568 803 584 Secundo
812 568 927 584 custodiendus
936 570 960 584 est
968 568 1005 583 audi-
1052 569 1053 580 l

637 594 663 608 tus
673 597 682 608 a
689 592 743 608 verbis
752 594 800 613 atque
810 592 909 608 carminibus
917 592 982 611 illicitis,
988 597 1005 608 ue
1052 597 1053 613 χ

637 616 686 632 verba
694 616 793 635 detractoria,
800 616 888 637 pungitiva,
897 616 962 635 lasciva,
968 621 1005 632 men-

637 641 681 660 dosa,
694 646 734 656 vana
746 643 774 657 aut
786 641 849 657 inutilia
862 641 931 657 libenter
942 641 991 657 audiat
1002 645 1004 656 :

638 666 670 681 imo
681 666 773 684 detestetur,
782 668 798 681 et
809 671 826 681 se
837 666 873 681 inde
884 668 951 681 evertat.
959 666 983 682 Sic
992 668 1005 681 el

637 692 689 706 tactus
700 690 720 706 ab
732 690 839 711 amplexibus,
851 690 916 709 osculis,
927 692 1005 706 contrecta-

637 715 708 731 tionibus
721 715 811 731 libidinosis
824 717 848 730 est
859 715 972 734 refrenandus;
982 719 1005 735 gu>

637 742 671 755 stus
678 744 748 760 quoque,
756 744 765 755 a
774 739 908 755 delectationibus
918 739 1004 755 immodera-

654 789 670 805 Si
678 789 731 809 itaque
738 789 792 804 taliter
799 793 836 804 curn
843 789 923 809 Apostolis
933 789 1003 804 fuerimus

637 818 666 834 per
677 814 727 829 fidem
740 815 755 829 et
768 813 850 829 caritatem
863 813 951 834 conjuncti,
962 815 1003 834 uque

637 843 665 859 per
673 838 789 854 indesinentem
797 838 849 854 cordis
857 838 945 854 custodiam
952 843 969 854 ac
975 843 1004 853 seu-

637 868 684 878 suum
692 862 815 878 refrenationem
826 865 842 878 et
849 863 877 878 Dei
887 862 961 879 timorem
967 863 1004 878 clau-

637 888 656 906 si,
665 887 734 903 libenter
745 892 764 903 ac
776 892 823 908 stepo,
832 885 902 908 gratiose
913 892 932 903 ac
943 888 1004 903 dulciter

637 912 708 928 visitabit
719 917 748 928 nos
760 912 837 928 Dominus
849 914 904 928 noster
914 912 958 928 Iesus
967 912 1004 928 Chri-

636 939 676 955 stus,
681 937 772 957 ingrediens
778 936 832 957 januis
840 937 903 955 clausis,
908 937 924 952 id
932 939 1005 957 est,quao

637 961 657 977 do
666 961 686 977 ab
696 961 802 977 exterioribus
812 961 860 977 corda
870 963 924 977 nostra
935 961 1004 977 abstuti>

637 991 679 1004 mus,
685 985 768 1006 cogitando
776 986 795 1001 de
803 986 836 1001 Deo
843 987 859 1001 et
866 986 886 1001 de
893 985 1003 1006 pertinentibus

637 1010 656 1026 ad
664 1010 736 1026 salutem.
741 1010 799 1031 sieque
807 1010 880 1026 fortiores
888 1010 976 1026 efficiemur
982 1010 1003 1025 ad-

637 1035 711 1051 versariis
722 1037 779 1050 nosti-m
790 1035 846 1051 salutis
855 1035 959 1051 demonibus.

636 1084 700 1105 juvenis
711 1085 758 1102 esset,
766 1084 841 1099 videlicet
852 1085 889 1099 ante
901 1089 946 1100 suun
958 1084 1003 1105 plena-

637 1108 676 1124 riam
684 1108 884 1129 eonversiunemquadum
893 1108 929 1124 vice
935 1109 1003 1129 aliquam

637 1133 664 1149 diu
674 1133 729 1149 oeulos
739 1133 775 1148 fixit
784 1133 800 1148 in
810 1133 873 1148 vultum
883 1133 966 1153 cujusdam
975 1138 1002 1148 inu-

637 1158 686 1173 lieris.
696 1158 728 1173 Deo
735 1159 788 1173 autem
798 1157 884 1173 miserante
891 1162 910 1173 ac
918 1158 1002 1178 inspirante,

638 1183 654 1198 in
662 1187 679 1198 se
687 1182 740 1203 ipsum
747 1187 827 1201 reversus,
835 1182 869 1198 dire
877 1187 894 1198 se
903 1182 1002 1203 reprehendit.

637 1209 653 1223 et
665 1207 733 1223 maxime
744 1206 795 1222 doluit
803 1211 807 1222 :
815 1211 899 1227 quumque
909 1212 938 1228 per
947 1209 1003 1228 pontem

636 1231 711 1247 trsnsiret
724 1236 773 1252 super
784 1236 848 1252 aquam,
861 1231 944 1247 descendit
955 1233 1002 1252 sponte

638 1256 654 1272 in
661 1261 702 1275 enm,
710 1258 758 1277 atque
765 1256 826 1271 tamdiu
837 1256 895 1272 mansit
903 1256 919 1272 in
929 1261 947 1272 ea
954 1261 1003 1277 quous·

637 1286 668 1302 que
676 1285 734 1301 corpus
742 1280 777 1300 ejus
784 1280 895 1301 congelaretur
902 1281 919 1296 in
927 1286 966 1301 equa
973 1280 1002 1299 illu

637 1305 719 1325 oravitque
731 1305 781 1320 Deum
793 1306 811 1320 ut
823 1305 855 1320 sibi
869 1305 962 1325 ignosceret,
974 1307 987 1321 er
995 1309 1002 1320 ι

637 1330 665 1345 tali
676 1334 742 1345 excessu
753 1334 770 1345 se
781 1329 800 1345 de
811 1331 863 1345 cetero
874 1330 964 1345 custodiret.
