1079 1569
163 1161 205 1172 Ιοωυι.
210 1164 224 1174 vx,

158 1178 175 1188 ιτ.

165 1210 194 1221 tota.
201 1211 218 1221 w.

400 129 473 141 nolttttm
485 128 501 141 ut
511 128 570 140 ocnva
581 128 649 140 Pascal.
659 133 679 136 —

690 128 739 140 Emo
749 128 826 140 secunus

482 232 578 254 SERMO
597 232 746 254 SECUNDUS

227 300 246 312 »Β
257 300 308 312 vanus
319 299 403 311 affluemus
414 299 447 313 οιἙ
458 299 531 311 emistus
542 299 574 310 suta
586 298 668 310 Dtscwvus
680 298 717 310 Post·
729 298 864 310 unfit-'nummum
876 298 917 309 suan
929 298 992 312 notum,

312 325 346 339 oum
356 324 375 336 m·
385 324 425 336 Ntfflc
435 324 495 338 QUOQUE
505 323 576 337 ocenum
587 323 665 335 t'ttussttnus
676 323 709 335 snts
720 323 833 335 semtwattt'tttt
844 322 914 334 nmm-

227 394 351 435 BENEDIC,
358 395 415 409 anima
422 399 463 411 mea,
469 394 544 411 Domino,
552 396 567 408 cc
575 398 602 408 no-
609 393 622 408 A
631 394 702 408 mentum
713 393 768 408 altaris
780 392 850 408 fideliter
860 394 948 413 sumptum,
956 393 995 413 spiri-

265 420 280 434 [ι’
289 419 363 434 obliuisci
371 424 425 434 omnes
435 418 551 434 retributiones
560 418 601 438 ejus.

227 444 251 460 Ps.
260 448 286 462 cn,
294 443 309 459 2.

245 468 293 484 Multa
300 468 379 484 beneficia
385 468 443 483 Christi
450 467 466 483 in
473 467 550 483 hodierno
557 472 603 483 ovan-

227 493 270 513 gelio
284 492 402 511 describuntur,
418 497 453 512 qum
469 492 503 512 ipse
518 491 602 512 discipulis

228 517 261 533 suis
273 517 303 533 boe
313 517 339 533 die
349 516 432 537 impendit.
440 516 511 532 Primum
523 518 552 534 est,
560 516 602 536 quod

228 546 255 558 eos
265 541 370 562 personaliter
380 546 398 557 ac
408 541 511 561 corporaliter
519 540 601 556 visitavit:

228 568 245 582 et
252 566 288 584 boc,
296 566 334 587 quia
341 570 395 581 amore
406 565 456 586 ipsius
463 565 511 581 simul
520 565 602 583 sedebant,

229 593 244 607 et
252 591 309 607 timore
316 590 405 606 Judoeorum
414 590 505 605 infidelium
513 590 563 605 clausi
572 594 603 605 ma-

228 615 292 631 nebant.
308 615 334 631 Sic
349 617 364 631 et
379 614 450 630 Christus
464 614 535 635 quotidie
550 614 604 629 visitat

229 645 266 656 suos
274 644 303 661 per
312 644 358 655 snam
368 639 467 660 personalem
477 644 496 654 ac
505 639 603 659 corporalem

230 665 336 685 presentiam,
344 669 375 680 non
389 666 441 680 tamen
454 663 557 684 corporaliter
569 668 604 679 sen>

630 417 694 433 tualiter
701 417 739 433 facit
747 417 763 433 in
771 417 829 436 anima,
837 422 886 437 qnam
894 417 911 432 in
919 417 996 433 virtutibus

630 442 698 460 roborat,
714 442 793 462 spirituali
808 441 893 457 dulcedine
907 444 970 459 recreat.
983 442 996 457 ia

630 466 709 487 spirituali
718 466 750 482 vita
757 468 845 484 conservat,
852 466 938 486 multiplici
946 466 997 481 virtute

630 496 648 507 ec
656 491 706 511 gratia
713 491 769 511 replet,
776 492 792 506 et
799 491 818 506 ad
826 490 901 507 virtuosae
909 490 946 506 vitat
953 491 998 511 perte·

630 515 705 534 ctionem,
714 516 746 531 imo
756 517 772 531 et
781 515 801 531 ad
811 515 881 531 coelestis
891 515 946 536 patrias
955 515 999 531 letici-

630 542 685 559 tatein,
698 540 776 561 perducit.
789 540 826 555 Ideo
838 544 880 560 saepe
895 539 974 555 celebrare
983 544 999 555 ac

630 564 755 583 communicare,
763 564 867 580 ineffabiliter
877 564 941 580 salubre
948 569 965 580 ac
972 564 1000 580 fru-

631 591 703 605 ctuosum
712 589 789 607 consistit,
794 589 825 604 nisi
833 589 881 604 bomo
888 593 917 609 per
925 589 1000 609 propriam

631 614 743 634 negligentiam
751 615 767 629 et
774 613 892 634 indignitatem,
897 615 920 629 tot
927 613 1001 629 fructibus

631 640 686 659 totque
693 638 779 659 gratiarum
787 637 873 654 effectibus
880 638 944 654 obicem
953 640 1000 658 ponat.

648 663 721 679 Secundo
728 663 782 678 visitat
788 662 860 678 Christus
869 667 906 678 suos
914 662 970 678 fideles
977 667 1001 678 sna

229 689 330 710 sihiliterque
337 689 431 706 exhibitam.
439 688 466 704 sed
477 688 493 704 in
502 688 604 704 sacramento
611 687 623 703 B
631 687 711 708 spirituali
721 687 806 708 proesentia
816 692 844 707 per
851 687 942 703 coelestium
951 687 1002 707 gratia-

228 714 283 729 altaris
290 713 398 732 invisibiliter,
408 713 439 729 imo
447 715 463 728 et
470 712 604 733 incomprehensi-

229 738 288 756 biliter,
299 738 396 758 impertitam
409 742 412 753 z
425 742 461 753 nam
475 737 491 753 in
505 739 604 753 sacramento

229 763 333 779 Eucharistias
348 762 419 778 Christus
436 762 540 783 personaliter
556 764 603 782 atque

229 788 293 804 realiter
305 787 401 805 continetur,
414 789 430 803 et
441 792 460 802 ex
474 787 553 802 ineffabili
565 786 604 802 dile-

229 812 282 828 ctione
289 817 318 828 sua
325 812 344 827 ad
354 812 433 829 homines,
442 811 494 827 taliter
502 816 529 827 eos
539 811 603 827 visitare

229 837 308 857 dignatur.
317 837 336 852 Et
346 836 419 857 quamvis
429 836 457 851 illu
467 836 524 852 Christi
534 836 604 851 visitatio

229 861 318 882 personalis
328 861 369 876 clare
378 862 394 876 et
404 860 489 876 visibiliter
496 860 544 879 faeta,
552 860 604 876 tuerat

229 886 313 906 discipulis
323 885 373 906 magis
383 885 488 901 consolatoria
497 887 512 900 et
522 885 603 905 gaudiosa,

230 911 260 926 ista
267 913 320 926 tamen
329 910 398 926 visitatio
407 909 526 925 sacramentalis
534 912 559 925 est
566 909 604 925 fide-

231 935 273 951 libus
282 934 351 955 amplius
363 934 450 952 fructuosa,
458 934 559 954 firmiterque
571 939 613 950 cre-⁴

230 959 306 975 dentibus
321 959 371 979 magis
386 959 472 977 meritoria
486 959 507 974 ita
522 961 539 974 ut
554 958 604 979 magis

632 717 667 728 rum
676 712 812 732 intusionern,per
820 711 886 727 interme
894 711 1000 727 consolationis

631 737 736 755 collationem,
747 741 776 757 por
787 736 872 756 gratiosam
885 736 999 752 instructionem

631 766 649 777 ne
657 761 755 777 caritativam
766 760 916 776 inflammationem.
924 761 963 776 Hinc
970 763 999 776 ont

631 786 719 807 Propheta:
728 786 777 801 Visita
788 790 822 804 nos,
833 786 906 804 Domine,
914 786 931 801 in
941 786 997 801 salutari
1007 789 1031 800 ξιι-

631 813 667 830 tuo;
675 813 691 826 et
699 815 759 829 rursus,
767 810 834 831 Respice
841 810 861 826 de
869 810 911 826 coelo
917 813 934 826 et
940 810 978 828 vide,
985 812 997 826 et
1003 813 1019 840 ξι
1026 815 1048 823 m·-

631 836 678 851 visita
685 835 748 851 vineam
756 835 808 853 istam,
813 835 843 851 boe
851 837 875 850 est
882 835 967 851 Ecclesiam
974 830 1012 850 seu''

631 860 700 876 animam
711 864 749 875 vere
760 859 830 875 fidelem
841 860 863 875 De
875 860 905 875 hac
916 860 997 875 visitatione

631 885 682 900 multa
690 884 760 905 loquitur
767 884 809 900 Deus
817 889 846 905 per
853 884 997 900 Ezechielem.t‘nde
1014 887 1039 897 ἰν·

631 911 647 925 et
655 911 719 925 sanctus
728 908 757 924 Job
766 909 836 929 loquitur
846 909 878 924 Deo
887 913 891 924 :
900 909 969 924 Visitatio
975 911 998 924 tua
1003 906 1035 929 ¹1¹2
1041 914 1054 927 ῃ

632 933 717 950 custodivit
728 933 802 954 spiritum
813 938 872 949 meum.
881 942 901 945 -—
908 933 959 949 Tertio
967 933 998 949 visi-

632 960 655 974 tat
664 958 736 974 Christus
745 962 782 973 suos
792 957 849 973 tideles
859 963 888 978 per
898 960 976 979 paternam
986 959 1000 973 et

231 984 331 1000 meritorium
346 984 366 999 sit
378 984 436 999 Christi
449 983 556 999 visitationem
571 983 604 999 sive
612 984 623 1000 C
633 983 675 1003 piam
687 982 813 1003 castigationem
824 982 862 998 dum
873 985 945 1003 peccant,
952 987 1000 1003 quem-

230 1008 331 1029 prfflsentiarn
338 1008 354 1023 iu
361 1008 462 1024 Sacramento
469 1008 554 1028 suscipere,
558 1012 606 1028 quam
633 1007 733 1023 admodum
729 1012 746 1022 in
753 1007 848 1028 Apocalypsi
857 1009 965 1023 contestatur:
973 1007 1000 1027 fga
1014 1013 1045 1026 ⁸,-

230 1033 261 1049 suit
269 1038 306 1049 eum
314 1033 400 1048 visibiliter
407 1034 509 1053 apparentem
517 1032 604 1053 adspicere,

230 1057 306 1078 quoniam
319 1057 361 1073 istud
374 1057 439 1077 majoris
451 1059 475 1072 est
487 1056 531 1075 fidei,
542 1059 558 1072 et
570 1056 606 1077 plus

231 1082 308 1098 rationem
317 1082 418 1097 transcendit.
423 1082 472 1100 Quam
480 1081 561 1097 fructuosa
569 1085 606 1101 quo-

231 1112 262 1127 que
269 1106 291 1122 sit
298 1106 379 1127 susceptio
386 1106 482 1122 visitationis
492 1110 510 1121 ac
518 1105 606 1126 praesentiae

231 1131 289 1147 Christi
301 1131 317 1146 in
328 1131 436 1149 Sacramento,
445 1131 479 1151 ipse
488 1132 555 1146 testatur
564 1130 606 1150 apud

231 1156 313 1174 loannem,
326 1156 381 1171 dicens
394 1160 398 1171 :
411 1155 440 1174 Qui
455 1155 541 1171 manducat
555 1159 607 1170 meam

232 1185 296 1196 carnem
306 1182 322 1196 et
332 1180 373 1195 bibit
383 1185 436 1196 meum
447 1180 547 1200 sanguinem,
556 1179 571 1194 in
582 1184 607 1194 me

232 1207 291 1223 manet,
302 1207 318 1220 et
330 1209 359 1225 ego
372 1205 387 1220 in
400 1209 427 1224 003
438 1204 514 1225 itemque,
522 1204 551 1222 Qui
565 1208 608 1219 man-

232 1230 280 1245 ducat
295 1230 338 1245 bunc
354 1234 418 1250 panem,
432 1229 476 1244 vivet
492 1228 508 1244 in
523 1230 606 1244 aeternum.

232 1254 276 1273 Quod
287 1254 330 1270 enim
340 1258 426 1274 corporeus
436 1253 482 1269 cibus
491 1255 507 1269 et
517 1255 564 1274 potus
575 1257 608 1269 cur-

634 1036 673 1052 quos
684 1036 725 1050 amo,
735 1036 784 1052 arguo
794 1033 811 1047 et
821 1032 886 1052 castigo

654 1056 669 1072 Si
677 1061 714 1076 ergo
722 1056 831 1072 desideramus
841 1056 912 1077 pretatis
922 1056 971 1072 modis
978 1056 1002 1071 mi-

634 1081 757 1097 sericordialitet'
766 1080 827 1096 visitari
837 1085 846 1096 a
856 1081 924 1099 Christo,
932 1081 1002 1097 debemus

634 1106 686 1126 primo
696 1110 733 1121 cum
741 1105 821 1126 Apostolis
831 1105 879 1121 simul
890 1106 950 1123 sedere,
959 1105 973 1121 id
983 1107 1003 1121 est

635 1135 663 1151 per
670 1130 720 1146 fidem
728 1132 744 1145 et
752 1130 834 1145 caritatem
842 1134 878 1145 esse
885 1130 1003 1150 conjuncti,nou

635 1160 663 1176 per
674 1154 750 1170 invidiam
763 1156 791 1170 aut
802 1154 899 1170 discordiam
910 1155 982 1175 separati,
989 1157 1003 1170 ut

635 1179 746 1199 unusquisque
755 1179 835 1199 spirituali
845 1183 900 1194 amore
910 1179 965 1199 diligat
974 1183 1004 1199 pro-

635 1204 696 1219 ximum
704 1208 751 1219 suurn
759 1204 801 1219 sieut
808 1208 825 1219 se
833 1203 913 1224 ipsum,et
920 1203 956 1219 aliis
963 1203 1004 1219 tati-t

635 1230 682 1249 prout
690 1228 720 1244 sibi
729 1228 763 1243 vult
770 1228 855 1243 fieri.flinc
863 1228 932 1248 ipsemet
939 1228 1005 1244 Christus

635 1255 671 1273 post
678 1252 743 1268 Coenam
751 1252 861 1271 novissimam,
870 1252 958 1268 secundum
968 1252 1005 1273 qnod

232 1279 308 1300 poraliter
320 1280 369 1299 agunt
383 1278 398 1294 in
413 1283 484 1299 corpore,
497 1278 539 1298 qnod
553 1277 608 1298 utique
615 1278 628 1293 D
636 1277 689 1295 homo,
696 1277 748 1293 oravit
755 1277 816 1292 Patrem
824 1279 908 1295 aeternum,
916 1277 959 1298 apud
965 1277 1006 1293 loan-

233 1303 328 1321 confortant,
337 1303 423 1321 oblectant,
430 1304 524 1318 conservant
531 1304 547 1318 et
554 1302 574 1317 ad
582 1302 608 1317 de-

233 1328 286 1344 bitum
294 1328 411 1344 incrementum
419 1327 548 1348 perducunt,hoc
556 1327 609 1342 Sacra-

636 1306 672 1317 nem
685 1301 740 1317 dicens
752 1306 755 1317 z
768 1302 812 1317 Pater
824 1303 883 1320 sancte,
897 1306 942 1317 serva
955 1306 982 1318 eos
993 1302 1042 1317 inm-2

635 1326 700 1342 nomine
714 1328 747 1345 tuo,
760 1330 800 1346 quus
815 1326 873 1342 dedisti
888 1326 934 1345 mibi,
947 1329 965 1342 nt
979 1323 1024 1342 sint¹¹·
