1079 1569
174 351 209 365 am*
213 354 230 361 m

165 744 185 755 Ρι.
190 747 214 757 uu.
221 745 231 755 s,

175 841 196 853 Ρι.
199 845 216 855 αι.
220 843 230 853 s.

243 126 273 142 ⁵68

355 131 429 143 mmmm
440 131 455 142 iv
465 131 592 145 ouanmosssliffl.
602 135 623 138 —
633 131 654 142 an
664 131 761 147 nunolosos;
772 131 822 143 emo
832 131 904 143 summus

243 170 289 189 vobis
299 173 341 189 sicut
350 173 429 194 disposuit
438 173 478 189 milii
488 174 532 189 Pater
543 178 616 194 reguum,
624 173 637 189 A
644 178 669 194 ge,
681 173 731 192 Abba,
744 175 760 189 et
774 174 881 190 comedamus.
894 173 976 194 Respondit
987 178 1005 189 st—

243 200 261 213 ut
270 198 321 214 edatis
330 200 346 214 et
356 198 415 214 bibatis
425 202 473 219 super
483 203 554 214 mensam
565 203 617 214 ineam

243 223 260 238 iu
271 227 325 243 regno.
335 223 359 239 Ad
371 223 411 238 hanc
422 223 532 238 felicissimam
544 222 617 238 refectio-

243 252 286 266 nem,
294 247 313 263 ad
324 249 356 263 tam
368 247 436 263 infinitae
445 247 526 268 dignitatis
537 249 584 268 atque
595 247 617 262 in-

243 274 299 288 creatas
314 272 403 287 dulcedinis
418 276 481 293 panem,
496 272 516 287 ad
530 273 563 287 tarn
577 277 617 293 prie-

242 296 359 312 stantissimum
371 299 387 312 et
399 298 476 312 eternum
488 296 580 312 convivium
590 296 617 316 (de

243 325 274 344 quo
287 321 303 337 in
316 321 410 342 Apocalypsi
423 326 453 337 vox
466 321 520 337 divina
531 321 600 337 intonuit
612 326 616 337 ι

232 345 286 364 ,Beati
296 346 323 366 qui
334 346 353 361 ad
364 350 426 362 coenam
437 346 529 366 nuptiarum
539 346 579 366 Agni
590 350 616 361 vo-

242 370 273 386 cati
285 370 329 391 sunt)
342 370 460 386 ferventissime
472 370 578 391 adspiremus,
591 375 616 386 ce-

242 394 306 410 lerrime
321 399 439 416 properemus3
453 395 473 410 ad
488 395 541 416 ipsum
556 395 615 411 indesi-

242 421 299 435 nenter
308 424 326 435 ac
336 419 459 440 diligentissime
469 424 498 435 nos
509 424 589 440 paremus,
598 424 615 435 os

241 444 304 463 animm,
318 444 334 460 id
346 446 371 460 est
383 444 488 463 intellectum,
501 449 566 465 prorsus
578 449 615 465 pur-

645 203 675 214 nex
684 202 687 213 ε
697 198 715 213 Et
726 202 757 214 non
768 198 868 214 comedimus
878 198 936 217 adhuc,
944 198 1005 216 filimi-i

644 222 666 238 ait
674 227 678 238 z
687 222 726 241 Non,
735 223 783 238 Pater.
792 223 836 238 Tunc
845 224 910 238 sanctus
919 222 945 238 ille
952 227 1005 243 respon*

644 247 667 262 dit
675 251 679 262 z
688 247 703 263 Si
714 247 785 263 nondum
796 247 933 266 manducavimus,
941 252 987 267 surge,
993 249 1005 262 et

645 271 764 287 manducemus.

664 296 698 312 lmo
710 296 780 312 breviter
792 296 919 317 perstringendo,
933 296 968 312 tales
979 296 1005 312 lue·

645 322 682 336 runt
694 321 800 337 communiter
812 321 862 337 sancti
874 321 974 337 anachoretae.
984 321 1006 336 lie-

645 345 683 361 citat
693 350 762 366 namque
772 346 856 362 Cassianus
867 351 887 361 ex
897 350 925 361 ore
934 346 980 361 sancti
988 346 1006 361 ,Ιο-

644 370 696 388 annis,
701 370 729 391 qui
737 372 773 391 post.
780 370 830 386 eremi
837 370 950 386 habitationem
958 371 1007 386 mansit

644 394 660 410 in
675 394 796 415 congregatione
812 394 888 413 coenobii,
901 396 917 410 et
932 399 975 410 causa
987 399 1007 410 ur-

643 421 690 439 gente
700 419 755 435 retulit
764 419 784 435 de
794 424 811 435 se
822 419 857 440 ipso
865 423 869 435 z
877 419 942 435 Memini
952 424 975 435 me
983 419 1008 434 Irr-

643 445 711 464 quenter
718 443 735 459 in
742 444 835 464 hujusmodi
843 445 907 464 raptum
915 448 988 462 excessus,
994 446 1008 459 ut

239 468 292 489 gando
302 468 323 484 ab
334 469 378 484 omni
389 469 484 489 cogitatione
497 469 584 487 immunda,
595 469 615 484 nb
624 469 636 484 B
643 468 747 484 obliviscerer
757 473 782 484 me
793 473 874 489 corporeas
886 469 947 484 sarcina
958 468 1008 489 fragili-

239 493 283 509 omni
294 498 347 509 errore
357 495 373 509 et
383 493 472 514 ignorantia
484 498 519 514 qum
529 493 551 509 sit
561 493 614 514 culpa,

239 518 339 534 voluntatem
353 522 417 539 quoque
431 518 451 534 ab
466 518 510 534 omni
525 518 615 534 inordinato

239 542 299 558 aflectu
313 547 317 559 ς
330 543 385 563 sicque
399 543 415 558 in
430 543 513 558 sanctitate
525 545 541 558 et
552 543 615 563 justitia

240 567 308 583 Domino
320 567 434 586 ministrantes,
447 567 490 583 illius
503 567 614 584 sacratissimas

239 591 331 607 refectionis
343 592 478 612 jucundissimum
489 597 580 608 mereamur
590 597 614 608 os-

239 616 285 632 sidue
294 616 416 632 incrementum.
421 616 502 632 Desiderio
510 617 556 637 panis
564 617 613 635 illius,

239 646 283 656 nunc
292 641 398 657 libentissime
406 641 502 662 castigemus
511 646 577 662 corpora
586 646 613 657 uo-

239 667 271 681 stra
281 665 349 686 jejunio,
359 665 461 685 abstinentia,
470 666 535 686 vigiliis,
543 666 614 687 discipli-

239 690 270 709 nis,
278 695 297 706 ac
308 690 365 706 ceteris
375 691 456 706 exercitiis
467 691 547 706 virtuosis⁴

259 715 330 736 Denique
344 715 390 736 panis
404 715 434 731 iste
449 715 497 731 etiam
510 716 526 731 in
539 715 613 736 praesenti

239 740 304 755 devotos
313 740 365 755 reficit
373 740 449 760 viatores3
457 742 473 755 et
481 742 556 761 tanquam
566 740 613 761 adipe

643 493 679 508 tatis
692 493 771 512 indutum,
783 495 885 514 mentemque
898 498 948 509 meam
960 498 1007 509 omnes

643 517 729 533 exteriores
738 522 795 533 sensus
805 517 859 533 subito
868 518 957 538 reliquisse,
966 520 1007 538 atque

642 546 652 557 a
663 542 725 557 cunctis
740 542 850 558 materialibus
865 542 913 558 rebus
924 542 1007 558 omnimode

642 566 732 586 exsulasse;
745 568 761 582 et
775 567 797 582 ita
811 567 870 582 divinis
886 566 1007 582 meditationibus

642 595 660 606 ac
670 591 781 611 spiritualibus
792 591 859 607 theoriis
869 591 932 607 animus
945 591 1007 612 repleba-

642 617 673 634 tur,
682 617 699 631 ut
706 620 748 636 saepe
758 615 777 631 od
785 620 871 636 vesperum
881 616 936 632 cibum
946 621 970 632 me
978 621 1007 636 per*

641 640 703 660 cepisse
710 640 792 659 nescirem,
796 642 812 656 et
818 640 844 656 die
851 641 924 661 sequenti
931 641 951 656 de
956 641 1007 656 bester-
1031 652 1033 655 .

641 669 661 680 na
673 664 770 680 comestione
782 665 847 685 penitus
858 665 953 681 dubitarem.
964 665 1007 683 fluam

640 689 661 705 ob
672 694 736 705 causam
746 691 807 710 septem
818 689 881 705 dierum
891 690 942 709 cibus,
952 690 980 705 hoc
987 692 1007 705 est

640 716 702 734 septem
710 714 755 734 paria
762 714 894 734 paximaciorum,
903 714 1007 735 sequestratim

641 738 657 754 in
667 741 721 759 sporta
731 738 797 754 sabbato
807 741 913 760 reponuntur,
921 742 939 755 ut
948 739 1007 755 relectio

238 766 254 780 et
267 764 364 785 pinguedine
377 764 455 785 quosdam
468 764 524 785 replet,
537 765 613 785 quemad·
622 764 633 780 C
641 763 747 784 pretermissa
759 768 791 779 non
803 763 856 779 lateat.
869 764 882 779 Ο
894 769 942 785 quarn
957 764 1006 781 sancti.

238 789 304 805 modum
313 794 355 804 unus
364 789 428 805 illorum
435 789 481 808 dixit,
489 789 559 805 animam
567 794 612 805 suam

237 814 257 829 ad
264 814 351 834 gratiarum
360 813 439 829 actionem
447 818 496 834 super
504 814 534 830 hoc
541 814 611 833 hortans,

238 838 318 859 loquendo
330 838 349 854 ad
361 843 396 854 eam
407 838 426 854 de
438 838 465 854 illo
476 843 480 854 2
491 838 520 856 Qui
533 839 584 859 replet
596 839 612 855 in

238 862 285 879 bonis
295 863 391 878 desiderium
402 865 453 878 tuum.
462 863 492 879 Sed
502 865 518 878 et
527 863 612 879 nonnullos

237 888 283 908 panis
294 888 323 903 iste
333 888 451 908 supercoelestis
463 889 507 903 tanto
517 887 569 903 allicit
579 893 612 904 sum

237 912 320 928 suavitntis
331 917 392 933 sopore,
401 914 444 928 tenta
455 912 526 928 loetil'icat
535 917 568 928 suae
577 913 611 928 dul-

237 937 298 952 cedinis
310 937 438 958 participatione,
448 937 491 957 quod
503 941 568 953 omnem
579 942 612 953 cor-

218 972 221 974 >
237 965 304 982 poreum
314 961 398 977 fastidiunt
409 961 469 980 cibum,
478 964 494 977 et
504 964 540 982 post
551 962 612 983 aliquot

236 986 271 1002 dies
278 986 305 1001 vix
312 986 407 1002 alliciuntur
413 986 433 1001 ad
441 986 493 1005 illum,
499 986 532 1002 imo
539 986 559 1002 ad
567 991 611 1002 men-

236 1015 270 1026 sam
278 1010 324 1031 quasi
332 1010 351 1026 ad
359 1015 439 1026 carcerem
447 1013 519 1031 pergunt⁴
526 1011 570 1027 Tales
578 1011 611 1027 fue-

236 1037 274 1051 runt
281 1035 367 1051 beatissimi
375 1035 406 1051 viri
414 1035 462 1051 abbas
471 1035 524 1051 Pastor
532 1037 548 1051 et
555 1036 570 1051 S.
576 1036 611 1051 Ber-

640 788 731 809 spirituales
741 793 759 804 ac
769 788 866 804 divinissimi
876 788 942 804 fuerunt
950 789 978 805 viri
988 788 1007 804 illi

640 815 672 828 tom
688 813 780 834 praeelectit
793 813 843 831 Quam
858 815 920 829 certum
932 815 948 829 et
958 818 1007 834 super·

640 837 748 853 certissimum
758 838 829 853 veritatis
840 837 879 853 fidei
890 838 978 854 christiana*
987 843 1007 853 sr-

639 864 734 882 gumenturn
745 862 787 878 sumi
798 864 850 883 potest
860 867 880 878 ex
891 863 933 878 illisi
943 863 1006 881 Quorum

640 887 703 902 Patrum
718 887 851 906 consideratione,
866 887 923 904 merito
938 892 1007 903 verecun

639 911 673 927 dari
684 913 700 927 et
710 911 725 927 in
737 911 820 927 inlinitum
832 916 860 927 nos
871 912 956 928 humiliem
966 912 1007 928 debe-

639 941 681 955 mus,
689 936 717 957 qui
727 936 779 952 adhuc
788 938 820 952 tam
830 936 907 955 camales,
915 939 946 952 tam
957 937 1006 958 pusilli

639 963 655 977 et
669 961 783 982 passionabiles
798 961 897 980 invenimur,
909 963 925 977 et
939 966 968 982 per
982 962 1006 977 boe

639 985 704 1001 nomine
717 986 790 1001 monachi
805 986 933 1002 demonstnrnur
945 986 1006 1007 indigni.

659 1010 741 1026 Secundus
751 1010 796 1031 panis
806 1015 839 1031 quo
849 1011 865 1026 in
875 1011 906 1027 isto
915 1011 972 1027 exsilio
980 1011 1007 1031 spi-

638 1034 716 1050 ritualiter
724 1040 733 1050 a
743 1035 775 1051 Deo
785 1035 873 1053 relicimur,
882 1037 906 1051 est
916 1035 1007 1056 contempla-

236 1060 300 1078 nardus,
311 1059 389 1075 mirabilis
401 1064 465 1080 quoque
477 1064 496 1075 nc
508 1060 611 1076 devotissima
618 1060 631 1076 D
638 1059 660 1075 tio
669 1059 765 1078 divinorum,
774 1064 810 1080 qua)
820 1060 919 1076 intellectum
927 1060 1007 1076 vehemen-

236 1084 280 1105 virgo
295 1084 379 1100 Catharin·
393 1084 413 1100 de
427 1084 477 1103 Senis,
491 1089 526 1105 quas
538 1085 609 1105 quotidie

235 1109 327 1130 rapiebatur
335 1109 429 1125 mirsbiliter
437 1109 483 1125 valdo
490 1109 510 1125 ad
518 1109 573 1125 Deum.
583 1110 610 1126 Τι-

638 1086 662 1099 ter
677 1084 743 1103 refovet,
759 1084 822 1100 roborat
836 1086 852 1100 et
866 1085 939 1104 delectat,
955 1085 1006 1106 sicque

637 1108 726 1124 abominari
740 1113 759 1124 ac
774 1109 843 1129 relinqui
859 1109 897 1125 iacit
908 1110 978 1125 curialia
990 1114 1005 1125 ae

235 1133 255 1149 lis
267 1133 298 1149 fuit
310 1136 326 1149 et
338 1134 352 1149 S⁴
365 1134 434 1149 lsidorus
449 1134 537 1155 presbyter,
550 1134 578 1155 qui
593 1135 609 1150 in
637 1135 704 1149 terrena.
717 1134 739 1149 De
751 1138 782 1154 qua
794 1134 816 1149 ait
828 1134 912 1154 Apostolus
924 1139 928 1150 :
939 1134 972 1150 Nos
982 1139 1006 1150 an·
1015 1140 1051 1153 iit-12,

235 1163 290 1174 mensa
302 1158 395 1179 frequenter
407 1158 503 1179 rapiebatur,
516 1161 532 1174 et
545 1159 610 1174 mendu-

234 1183 285 1199 cando
296 1182 414 1201 lacrimabatur,
425 1183 479 1198 dicens
489 1187 493 1198 ς
504 1183 543 1202 Quin
554 1183 609 1199 erube-

234 1212 261 1223 sco
272 1207 371 1228 corporalem
382 1207 437 1223 cibum
448 1208 498 1223 instar
510 1208 609 1224 irrationabi-

234 1232 273 1248 lium
283 1232 378 1248 snirnalium
388 1237 458 1251 sumensy
466 1237 516 1253 quum
528 1233 608 1249 rationalis

233 1261 242 1272 a
250 1257 282 1273 Deo
292 1259 355 1272 creatus
365 1261 407 1276 sum,
415 1257 443 1277 qui
453 1257 528 1273 deberem
539 1257 608 1278 paradisi

233 1281 265 1297 frui
278 1281 345 1297 deliciis.
356 1281 397 1297 Talis
409 1284 425 1297 et
437 1281 528 1297 sublimiter
538 1282 570 1297 fuit
580 1287 608 1298 ves

232 1306 316 1322 electionis
323 1306 377 1324 eremi,
381 1306 489 1322 sanctissimus
497 1306 546 1322 Sisois
553 1306 607 1325 abbas,

232 1331 259 1346 cui
270 1330 351 1346 multoties
361 1335 401 1346 suus
410 1330 450 1346 dixit
460 1330 549 1351 discipulus
558 1336 561 1347 :
570 1331 607 1347 Sur-

637 1160 669 1173 tem
683 1158 752 1174 revelata
764 1158 805 1174 fecie
819 1158 886 1179 gloriam
899 1159 963 1175 Domini
976 1157 1023 1180 spe¹⁵v

636 1183 712 1198 culantes.
721 1183 757 1198 ΗΜ
768 1183 882 1204 contemplatio
893 1184 934 1204 rapit
944 1188 1005 1200 omnem

636 1207 706 1223 enimam
716 1207 795 1223 desiderio
805 1208 924 1229 contemplandi
933 1211 978 1224 tanto
986 1213 1006 1224 ar-

623 1232 724 1255 .dentiorem
740 1234 800 1253 quanto
815 1233 921 1251 mundiorem,
937 1235 953 1249 et
968 1235 1007 1249 tanto

636 1257 736 1272 mundiorem
751 1259 811 1277 quanto
824 1257 843 1273 ad
859 1257 947 1278 spiritualia
961 1258 1006 1278 magis

635 1283 710 1300 erectam,
718 1283 734 1297 et
742 1284 785 1297 tanto
792 1282 812 1297 ad
820 1282 910 1302 spiritualia
920 1283 971 1303 magis
978 1288 1007 1299 err-

635 1308 676 1322 ctam
689 1308 748 1327 quanto
760 1311 769 1322 a
784 1306 875 1322 carnalibus
888 1307 973 1323 desideriis
987 1307 1006 1323 as-

634 1330 735 1351 sectibusque
748 1331 815 1347 terrenis
828 1331 864 1352 plus
878 1334 962 1348 mortuam.
973 1333 1006 1348 Ideo
