1079 1569
195 123 269 135 „Ollium
280 123 296 135 tlt
306 123 434 137 ouanuaosssnffl.
444 127 465 131 ·-
474 124 496 135 ΔΙ)
505 123 603 139 ltfflsslflflffl}
615 123 665 135 Sfflt)
675 123 731 135 surus

820 118 849 134 tt(

77 166 108 182 ltoc
118 167 142 182 est
151 166 206 185 vitam,
214 171 243 187 pro
254 168 307 182 nostra
317 166 368 182 salute
378 166 452 186 exposuit
459 166 472 182 A
479 165 556 182 dissimus
568 168 618 182 totum
631 166 709 181 mundum
721 170 725 181 ε
737 165 816 186 siquidem
828 165 851 181 in*

77 191 131 209 morti,
140 191 161 206 iu
169 193 185 206 et
192 195 220 207 nos
228 195 257 211 pm
264 190 332 209 Christo,
341 195 370 211 pro
376 190 412 210 ejus
419 190 452 210 glo-

77 215 101 231 ria
108 218 124 231 et
132 215 197 233 honore,
203 219 231 236 pro
239 220 272 231 sum
279 215 317 231 {idei
325 215 424 233 defensione,
429 215 452 230 vi—

77 242 109 256 tam
120 242 190 256 nostram
201 240 278 256 debemus
289 244 368 260 exponere
377 244 380 255 :
390 244 419 255 nec
428 244 452 255 so-

77 265 111 280 lum
123 269 152 285 pro
162 265 230 283 Christo,
238 265 266 280 sed
277 264 324 280 etiam
335 268 365 285 pro
376 264 451 280 iratribus

77 294 95 305 ac
107 289 184 310 proximis
197 289 255 305 nostris
266 289 282 305 in
293 291 337 305 certo
348 293 392 307 casu,
401 289 422 304 ita
434 291 452 304 ut

76 314 129 330 occidi
137 319 155 330 ac
163 314 203 329 mori
211 314 262 329 simus
270 313 320 334 parati
330 318 350 329 ne
358 315 412 334 pereat
419 313 452 329 ani-

77 343 103 354 ma
110 338 179 359 proximi
187 338 242 354 nostri,
251 338 295 354 Unde
302 338 318 353 in
326 337 379 358 prima
387 337 452 353 loannis

50 371 69 380 .n‹.
76 363 145 383 epistola
155 363 207 378 fertur
215 367 219 378 Σ
227 363 245 378 ln
257 362 288 378 hoc
298 362 402 382 cognovimus
412 362 451 377 cari-

76 390 125 403 tatem
134 387 249 408 Dei,quonia.m
257 387 284 402 ille
291 386 361 402 animam
369 391 414 402 suam
423 391 451 407 pro

76 412 124 428 nobis
132 412 192 433 posuit,
198 414 214 427 et
221 416 249 427 nos
256 411 333 427 debemus
341 415 369 432 pm
376 410 451 426 fratribus

76 436 139 452 animas
150 440 214 457 ponere.

479 190 608 211 comparabiliter
618 190 668 206 Deum
681 190 784 211 appretiatur,
792 192 808 206 et
820 195 853 211 pm

479 215 542 231 cunctis
550 215 564 231 ei
572 215 646 231 adhaeret.
655 215 695 231 Hinc
704 215 756 231 omnis
766 215 854 231 mortaliter

479 244 553 260 peccans,
564 239 668 255 veliementer
679 239 729 255 Deum
742 239 827 260 vilipendit
838 242 855 255 et

479 267 577 285 aspernatur,
581 265 656 285 quoniam
664 264 679 280 ei
687 264 765 285 praeponit
772 269 789 280 se
798 264 853 285 ipsum,

479 291 495 305 et
504 289 585 310 propriam
596 289 700 310 voluptatem,
709 291 725 305 et
734 293 774 304 vana
783 294 818 309 qum
828 294 854 310 ap-

479 314 529 334 petit3
537 313 628 334 specialiter
635 318 673 329 vero
680 313 729 332 avari,
738 313 824 332 ambitiosi,
833 313 854 329 la-

479 338 524 357 scivi,
530 338 559 359 qui
567 342 596 359 pro
603 338 648 354 lucro
655 340 724 356 terreno,
733 342 761 358 pro
768 338 853 359 temporali

479 363 545 381 honore,
553 367 582 383 pro
591 362 696 378 delectatione
705 362 793 381 immunda,
802 362 852 378 Deum

479 387 578 408 relinquunt,
586 386 683 405 mentiendo,
692 387 731 402 lalse
740 387 814 407 jur-ando,
825 387 852 402 do-

479 412 512 427 lose
526 411 592 432 agendo,
609 413 636 427 aut
651 411 683 427 alio
698 412 750 430 modo,
765 411 852 427 enormiter

478 436 623 456 damnabiliterque
632 436 723 456 despiciunt
733 436 791 456 ipsum.
800 436 851 455 Quum

97 461 176 481 Deinceps
183 465 214 476 non
223 460 274 476 solum
282 460 382 478 dileetio,sed
390 462 406 475 et
413 460 451 476 ordo
459 460 471 476 B
478 465 516 481 ergo
527 460 563 476 talis
574 465 592 476 ac
604 462 646 476 tanta
655 460 706 476 virtus
715 460 735 476 sit
745 460 807 479 caritas,
816 465 851 476 eam

76 485 153 506 diligendi
164 485 195 501 sub
205 485 260 500 divino
269 485 312 500 cadit
319 486 403 505 pracepto.
412 484 451 503 Qua-

76 512 113 526 tuor
123 514 191 530 namque
202 511 239 525 sunt
249 514 268 525 ex
278 509 342 525 caritate
352 509 419 525 amanda
428 513 452 525 or-

76 534 114 550 dine
120 534 164 554 justo
171 539 190 550 ac
197 534 257 553 debito,
262 536 324 554 utputa,
330 534 377 552 Deus,
384 534 451 554 ipsemet

75 559 130 577 homo,
139 561 155 574 et
165 559 253 579 proximus,
261 563 279 574 ac
287 558 370 579 proprium
380 563 438 579 corpus
447 562 450 574 :

76 584 99 599 ita
107 586 124 599 ut
134 584 183 599 Deum
195 588 243 604 super
250 583 304 599 omnia
314 583 367 603 primo
376 587 394 598 ac
403 583 452 598 maxi-

76 613 108 626 me,
123 608 155 624 imo
169 612 187 623 ac
203 607 349 628 incomparabiliter
360 607 450 627 diligamus,

75 633 125 648 etiam
137 632 206 653 amplius
219 637 266 653 quam
280 636 309 648 nos
321 632 370 652 ipsos,
378 636 397 647 eo
409 632 451 652 quod

76 657 111 678 ipse
123 657 144 672 sit
155 661 194 677 pura
207 657 301 677 infinitaque
314 656 385 676 bonitas3
393 656 451 672 deinde

23 690 27 697 ι
38 688 67 699 13⁴
75 686 105 697 nos
116 681 164 702 ipsos.
172 681 211 702 quia
220 683 238 697 ut
247 681 270 697 ait
279 681 355 700 Salvator,
364 681 404 699 Quid
416 685 451 702 pro-

74 706 112 722 {icit
122 706 175 724 homo,
183 706 197 721 si
208 706 301 721 universum
311 705 389 721 mundum
400 705 450 721 lucre-

74 733 107 749 tur,
116 736 133 746 se
143 731 196 751 ipsum
207 732 260 746 autern
268 731 334 751 perflati
342 730 389 746 tertio
399 730 450 751 proxi-

479 487 554 505 tanquam
563 484 640 505 pupillam
648 485 697 503 oculi,
705 486 781 505 tanquam
789 485 852 501 thesau-

479 514 514 525 rum
523 509 628 528 carissimum,
635 511 709 530 tanquam
718 509 851 530 pretiosissimum

479 539 544 555 prorsus
554 534 651 553 elenodium,
662 539 726 555 semper
737 534 850 550 custodiamus.

478 559 558 579 Quidquid
566 558 662 574 contrarium
671 561 699 574 aut
707 559 821 574 minorativum
828 561 852 574 est

478 583 519 604 ejus,
529 583 589 604 jugiter
598 588 710 603 exsecremur-3
723 585 738 599 et
750 587 798 599 omne
809 583 851 603 quod

479 608 529 623 nutrit
539 612 558 623 ac
568 608 633 628 perlicit
643 612 684 626 eam,
693 607 809 623 incessabiliter
819 612 851 623 arn—

479 632 573 653 plectamur.

498 657 576 677 Denique,
584 659 632 677 prout
641 656 725 672 Cassianus
735 661 754 672 ex
764 661 791 672 ore
802 657 852 672 sancti

478 681 578 697 anachoreta>
590 681 631 697 beati
644 681 706 697 abbatis
717 681 775 702 «Ioseph
788 686 816 697 nos
829 681 853 697 in-

478 706 531 724 struit,
546 706 566 721 ad
580 706 697 726 proficiendum
713 706 729 721 in
743 706 808 722 caritate
820 711 852 722 non

479 730 581 746 mediocriter
587 730 632 751 juvat
642 730 700 746 habere
708 730 778 751 aliquem
787 730 851 746 fidelem

74 760 120 775 mos;
128 757 184 776 quarto
192 755 275 776 proprium
283 755 410 776 corpuszsicque
418 755 450 771 vita
460 756 471 772 C
478 759 496 770 ac
504 755 590 775 specialem
600 755 670 770 amicum
677 760 715 770 cum
725 759 757 775 quo
764 755 852 775 spiritualis

73 780 162 801 corporalis
177 780 287 801 postponend·
301 781 325 795 est
339 779 413 796 iraternae
427 785 450 795 sa-

73 805 109 821 luti.
121 805 187 820 Multum
200 809 237 825 ergo
249 805 308 820 distent
320 809 329 820 a
341 804 412 822 caritate,
422 804 449 825 qui

74 829 168 850 proximum
180 834 228 845 suum
240 828 347 845 scandalizare
359 833 377 844 ac
390 831 451 849 pertur-

73 854 114 870 bare
125 858 156 870 non
167 856 248 872 verentur,
257 858 304 874 quem
315 853 332 869 in
342 855 405 869 tantum
415 853 450 869 dili—

72 883 113 900 ὅθι-θ
126 878 222 899 obligantur,
235 880 253 893 ut
268 878 323 893 malint
335 878 387 894 occidi
402 882 450 898 quam

73 904 122 919 illurn
133 903 191 924 perire.

94 928 171 944 Prasterea
180 927 245 943 dilectio
253 927 312 943 dicitur
322 927 373 947 major
382 927 450 948 duplici-

72 955 111 968 ter:
120 952 178 973 primo,
190 952 275 970 intensive,
285 951 360 967 videlieet
372 954 449 972 quantum

71 977 94 993 ad
107 977 166 992 amoris
178 976 266 996 fervorem,
274 976 349 994 secundo,
359 976 451 996 appretiati-

71 1006 101 1019 ve,
110 1001 185 1017 videlieet
192 1000 244 1021 quoad
252 1000 389 1021 dignificationem
396 1002 412 1016 et
419 1000 450 1016 ele-

72 1026 146 1042 ctionem
154 1025 214 1044 dilecti,
222 1025 243 1041 ita
251 1027 269 1040 ut
276 1025 307 1041 alia
317 1025 361 1040 malit
370 1025 406 1046 quis
415 1030 450 1046 per-

479 779 608 800 inviolabilisquc
620 779 691 795 amicitia
702 779 785 798 habeatur,
798 781 853 800 quate-

478 808 508 819 nus
516 809 533 820 se
542 804 609 820 invicem
617 804 698 820 caritative
705 809 724 819 ac
732 804 812 820 ferventer
819 804 853 820 hor-

478 830 536 847 tentur.
548 829 639 849 corripiant,
650 828 734 847 instruant,
745 829 851 848 consolentur,

478 855 494 869 et
500 853 545 869 omni
553 853 600 869 modo
607 853 631 869 eis
638 853 711 874 possibili
720 858 737 868 se
746 855 801 869 mutuo
808 853 852 874 adju-

478 880 516 893 vent
526 878 545 893 ad
556 878 655 898 spiritualem
666 877 761 898 proiectum,
769 878 789 893 ad
798 883 852 893 veram

477 902 550 918 salutem⁴
560 902 579 918 Et
588 902 626 918 huic
637 902 713 918 doctrinm
723 904 799 918 consonat
808 907 852 918 sacra

478 927 565 948 Scriptura,
580 932 630 947 quum
647 927 720 943 Salomon
736 929 832 948 protestetur
847 932 851 943 t

478 952 531 967 Frater
542 952 569 972 qui
580 951 665 972 adjuvatur
675 957 685 967 ι
695 951 750 970 fratre,
758 952 803 972 quasi
814 952 852 967 civi·
859 958 926 970 prmum,

478 978 501 992 tas
510 976 575 992 munita.
584 976 610 992 Vae
618 976 653 994 soli,
661 976 699 996 quia
707 976 720 992 si
731 976 811 995 ceciderit,
820 981 851 992 non
860 974 903 999 '22⁶4
910 992 925 1001 w*

478 1001 526 1016 habet
537 1001 653 1016 sublevantem.
665 1001 707 1016 Unus
720 1001 799 1021 quomodo
811 1001 852 1017 cale-
860 1005 897 1017 imit.

477 1025 517 1041 lietl
525 1025 544 1041 Et
551 1025 565 1041 si
573 1025 605 1041 duo
612 1025 673 1041 luerint
681 1025 736 1043 simul,
744 1027 800 1041 mutuo
809 1025 852 1041 fove-

71 1052 119 1069 dere,
128 1055 175 1071 quam
184 1050 265 1066 dilectum.
274 1050 349 1068 Quamvis
357 1050 410 1070 itaque
418 1054 449 1066 uon
457 1051 470 1066 D
477 1050 541 1065 huntur.
550 1050 600 1066 llomo
611 1049 670 1065 etenim
683 1050 775 1065 naturaliter
786 1052 810 1066 est
820 1050 853 1066 ani-

70 1075 166 1095 obligemur
176 1075 227 1090 Deum
240 1079 272 1095 prae
282 1074 357 1090 omnibus
369 1074 450 1095 incompa-

70 1100 148 1116 rabiliter
158 1099 224 1120 diligere
237 1099 321 1117 intensive,
329 1101 382 1115 tamen
393 1104 449 1120 appre-

70 1125 130 1141 tiative
142 1126 216 1140 tenemur
226 1128 263 1139 eum
275 1124 296 1139 ita
307 1128 366 1142 amare,
375 1124 396 1139 ita
407 1124 449 1144 quod

69 1149 121 1166 malit
133 1149 201 1170 quilibet
216 1150 287 1164 nostrum
302 1152 334 1164 non
347 1148 399 1164 solum
414 1153 449 1169 pro-

69 1174 127 1196 priam
137 1174 185 1189 vitam
196 1175 212 1189 et
222 1175 278 1189 cuncta
289 1177 324 1194 qum
335 1172 388 1191 habet,
396 1173 424 1188 sed
434 1174 450 1188 et

68 1201 133 1215 cuncta
147 1200 199 1214 creata
211 1198 224 1213 si
237 1202 265 1213 sua
278 1197 388 1216 consisterent,
401 1203 448 1218 quam

67 1224 131 1242 Deum,
139 1223 217 1238 amittere*
226 1222 292 1240 Idcirco,
300 1222 389 1238 seeundum
397 1223 449 1243 Augu-

68 1249 141 1266 stinum,
154 1247 221 1263 minima
233 1247 289 1262 carii-aa
301 1249 325 1262 est
339 1247 389 1267 major
401 1252 449 1267 quam

68 1273 145 1290 maxima
157 1277 175 1288 ae
190 1277 253 1288 summa
267 1272 351 1292 cupiditas,
364 1272 403 1292 quia
415 1272 449 1292 qui·

67 1302 145 1319 cumque
160 1301 197 1313 vere
211 1301 230 1312 ex
244 1297 309 1312 caritate
325 1296 378 1317 diligit
392 1296 448 1315 Deum,

68 1324 110 1345 plus
121 1322 175 1343 diligit
185 1326 222 1338 eum
234 1326 282 1342 quam
293 1321 391 1342 quicumque
403 1321 448 1342 cupi-

477 1075 509 1090 mal
518 1074 640 1094 sociale,civile;
647 1077 662 1090 et
670 1079 712 1095 saepe
719 1079 761 1090 unus
768 1075 853 1096 perpendit

477 1099 494 1115 in
501 1099 533 1115 alio
543 1099 585 1120 quod
595 1099 636 1115 alius
644 1103 675 1115 non
685 1099 758 1115 advertit«
767 1099 852 1120 Multisque

478 1124 528 1140 modis
535 1126 560 1139 est
567 1124 615 1140 homo
625 1128 649 1139 res
658 1124 731 1144 indigens
740 1126 755 1139 et
762 1129 772 1140 a
780 1124 852 1145 proximo

476 1149 552 1169 juvamen
563 1148 648 1169 recipiens.
656 1148 717 1164 Idcirco
727 1148 743 1164 in
754 1148 852 1165 Ecclesiasti-

477 1178 496 1189 co
503 1173 579 1189 asseritur
585 1178 589 1189 ι
595 1173 660 1189 Amicus
668 1173 727 1192 fidelis,
736 1173 813 1194 protectio
821 1173 851 1189 for·
868 1178 905 1189 Ειιιῑ.
912 1181 926 1191 π,

477 1198 506 1217 tis;
515 1198 542 1218 qui
552 1198 613 1213 invenit
620 1197 672 1216 illum,
681 1198 743 1213 invenit
753 1198 849 1214 thesaurum⁴
859 1195 894 1205 '4¹⁴¹'

476 1222 532 1238 Amico
540 1222 584 1238 fideli
595 1222 639 1238 nulla
649 1224 672 1238 est
682 1222 785 1243 comparatio,
793 1224 809 1238 et
820 1227 851 1238 uon

476 1249 500 1263 est
508 1247 555 1267 digna
563 1247 656 1268 ponderatio
662 1247 696 1262 auri
705 1249 721 1262 et
728 1247 789 1267 argenti
797 1249 851 1263 contra

476 1271 563 1287 bonitatem
571 1272 610 1287 fidei
618 1271 667 1287 illius.
676 1271 741 1287 Amicus
752 1271 810 1289 fidelis,
819 1276 852 1287 me-

476 1296 584 1312 dicamentum
593 1296 629 1312 vitm
636 1298 651 1312 et
660 1296 792 1316 immortalitati53
800 1298 815 1312 et
822 1296 850 1317 qui

477 1323 551 1337 metuunt
561 1321 653 1339 Dominum,
664 1321 749 1337 inveniunt
759 1321 810 1337 illum.
