1079 1569
164 760 184 771 Pu.
189 764 212 773 ιιι,
216 761 226 771 ι,

238 117 268 134 110
307 122 382 138 munuca
392 123 398 135 ι
408 123 445 135 ross
454 123 558 136 nmmum
567 124 631 136 enuis’ri.
641 129 662 132 -
671 124 693 136 An
702 124 800 141 ιιιιιοιοωε;
811 125 860 143 sunno
871 125 944 138 suemus

238 166 276 185 meg
283 156 380 184 seeundo,ex
386 168 439 182 nostr·
446 166 550 182 inferioritate
556 171 575 182 ac
581 166 612 182 dis-
619 167 632 183 Α
639 169 689 185 ctum,
704 167 777 188 protinus
791 172 809 183 se
823 172 898 184 revocare
912 170 978 184 conetur
989 168 1004 184 ad

237 190 322 210 positione,
332 190 407 206 videlicet
419 191 471 211 culpa,
483 191 541 212 inopia,
550 191 612 212 pericu-

237 213 308 234 lositate}
316 215 367 234 tertio,
375 220 395 231 ex
406 215 513 236 magnitudine
523 216 559 231 mali
569 216 612 237 quod

236 243 319 259 precamur
325 240 448 260 medorumque
455 245 474 256 ex
481 240 568 256 eminentia
574 240 611 256 boni

236 263 278 283 quod
285 264 359 284 cupimus
366 264 536 285 impetrareCupimus
543 270 612 286 namque

236 287 256 303 ab
264 288 374 304 invisibilibus
381 289 453 305 hostibus
461 289 520 310 quibus
527 289 611 308 vallamur,

235 312 256 328 ab
266 312 325 328 inferni
335 313 419 334 suppliciis
427 318 463 334 quie
473 314 554 335 peccando
561 319 611 330 mere<

236 342 278 356 mur,
286 342 296 353 a
302 337 346 353 vitiis
355 338 445 359 praetoritis,
453 338 558 359 pmsentibus
569 338 611 354 iutu-

236 362 290 382 risque
297 362 381 381 erui‚dona
388 367 453 383 quoque
460 363 513 384 gratim
521 363 537 379 in
545 368 612 384 praesen-

235 386 274 405 ti,et
281 386 323 403 boue
330 387 384 408 gleriaz
391 387 487 404 asterii-liter
494 388 611 409 adipisci-Ecce

235 413 294 432 quanta
305 414 342 428 sunt
352 412 382 428 ista
392 415 409 428 et
418 413 476 433 qualia,
485 417 533 433 quarn
544 413 611 429 aestima-

235 436 289 452 biliter
304 441 365 457 magna.
378 437 419 453 Ecce
433 442 481 458 quam
494 437 582 454 affectuose
594 440 610 454 et

235 460 318 477 lacrimose
331 464 416 482 precantur
426 462 454 483 qui
465 464 528 478 terreno
539 462 609 483 principi
618 462 630 477 B
638 462 675 482 quia
685 462 766 483 restringit
775 463 847 478 animum
858 463 907 478 timor
917 463 1004 479 immodara-

235 487 311 506 tanquarn
323 486 346 501 rei
359 486 414 502 mortis
427 488 547 507 praesentantur,
560 487 574 502 si
586 487 609 503 eis

235 510 256 526 sit
263 515 301 531 spes
308 510 395 531 evadendi;
403 513 466 531 quantae
475 516 492 527 se
501 511 608 527 emendationi

235 537 323 555 exponunt,
336 537 413 556 quantum
428 540 445 551 se
459 536 502 556 ipsos
517 536 607 552 humiliant.

235 559 266 575 Cur
278 564 316 580 ergo
328 564 357 575 nos
369 562 459 580 peccatores
475 560 567 579 miserrimi,
580 561 608 581 qui

234 584 281 600 toties
289 584 407 604 promeruimus
415 586 494 601 tormenta
504 585 567 604 inferni,
576 587 608 601 tam

234 608 277 624 lente
284 610 301 624 et
307 609 384 625 innitente
391 614 455 625 oramus
463 609 609 626 AltissimumiCur

233 637 340 653 supernarum
348 633 443 649 charismata
450 634 536 654 gratiarum
543 636 575 650 tam
583 639 609 655 pa-

233 662 269 673 rum
282 658 402 678 appretinmuri
412 658 444 674 Cur
454 659 557 674 beatitudinis
568 664 608 675 sem-

234 682 300 702 piton-ne
312 682 391 699 desiderio
401 685 433 699 tam
446 683 508 699 modice
519 683 608 699 inflamma<

234 711 276 725 mur,
291 707 333 728 quod
349 709 381 723 tam
396 707 455 728 frigido
469 712 487 723 ac
501 708 546 724 arido
560 708 608 724 corde

234 731 334 752 postulamus
345 736 375 752 pro
386 732 436 752 ipsisi
446 732 507 748 Idcirco
518 737 549 748 non
561 737 607 748 exau-

234 756 293 774 dimur,
301 756 377 777 quoniam
386 761 417 772 non
425 757 499 777 dirigitur
506 757 548 773 sicut
555 757 608 773 incen-
617 757 628 773 C
635 756 679 775 tidie.
693 757 799 777 ponderemus
807 761 811 777 ς
826 762 875 778 quam
890 757 971 778 impu-ate,
984 757 1004 773 in-

234 785 270 796 sum
281 780 297 796 in
308 782 394 801 conspectu
404 781 431 797 Dci
442 781 492 797 oratio
502 784 559 797 nostra.
568 782 608 798 Hinc

234 805 256 820 ait
268 805 347 821 Eusebius
357 810 361 822 ε
373 805 451 824 Petamus,
464 811 560 827 quaeremus,
573 807 608 827 pul-

234 834 293 848 semus,
306 831 354 851 atque
367 830 383 846 in
397 835 425 851 spe
438 830 527 846 coelestium
541 831 608 851 promis-

233 858 289 870 sorum
303 856 347 870 tanto
361 854 447 870 incitemur
462 855 520 874 studio,
533 857 608 876 tantoque

233 878 353 895 inardescamus
360 879 426 898 aflectu,
435 881 453 895 ut
459 884 496 895 cum
506 879 608 900 praemiorum

234 903 311 923 dignitate
319 903 434 919 desideriorum
445 904 537 924 magnitudo
545 909 609 920 concor-

233 928 264 943 det.
273 927 308 943 Non
315 928 350 944 vult
357 928 399 944 Deus
409 930 462 944 noster
469 928 511 944 bona
520 933 549 944 sus
559 929 609 944 nimiu

234 952 325 968 inveniendi
337 952 413 968 facilitate
423 953 505 969 vilescere.
514 953 583 969 Pretiosa
593 955 609 969 et

233 977 365 997 concupiscibilis
380 982 441 993 merces
456 977 535 993 fervidum
550 980 608 994 amato-

233 1006 267 1017 rem
275 1003 292 1017 et
299 1002 376 1022 cupidum
384 1002 497 1022 negotiatorem
506 1002 578 1023 requirit.
582 1002 609 1018 Er-

233 1030 253 1046 go
266 1026 293 1041 ille
308 1028 387 1042 tantorum
404 1031 488 1042 munerum
504 1027 609 1047 repromissor

234 1055 266 1066 uon
277 1050 312 1066 vult
323 1050 339 1066 in
352 1055 400 1071 opere
412 1055 441 1066 suo
452 1051 530 1071 tepidum,
541 1051 609 1072 despicit
616 1052 628 1068 D
636 1051 675 1069 fleu,
684 1053 743 1072 quanta
750 1053 774 1067 est
781 1053 834 1067 nostra
842 1051 912 1070 miseria,
920 1054 978 1073 quauta
985 1053 1007 1067 est

234 1075 340 1093 fastidiosum,
351 1077 413 1091 recusat
424 1078 502 1094 coactum,
513 1076 575 1096 respuit
586 1076 609 1091 in-

234 1099 315 1115 devotum⁴
324 1099 391 1115 Lentum
402 1105 471 1121 namque
481 1102 497 1116 ct
507 1105 564 1121 parum
574 1105 609 1121 gra-

234 1126 268 1140 tum
276 1129 348 1145 qumi-ere
355 1124 422 1145 gratiam
431 1125 481 1140 divini
492 1125 568 1143 muneris,
577 1130 609 1141 ma-

234 1149 277 1164 xims
288 1150 312 1164 est
323 1149 381 1169 injuria
392 1149 520 1165 remuneratoris.

254 1173 327 1194 Denique
339 1173 356 1189 in
367 1173 401 1194 ipsa
411 1174 487 1190 orationis
497 1174 609 1195 prosecutione

234 1198 355 1218 diligentissime
370 1198 434 1214 vitanda
449 1201 473 1214 est
487 1199 560 1219 evagatio
574 1199 608 1214 ani-

235 1222 267 1242 mi;
279 1225 295 1238 et
305 1223 393 1243 praesertim
403 1223 493 1239 conandum
505 1225 530 1239 est
542 1225 560 1239 ut
571 1228 608 1239 cum

234 1247 297 1263 fervore
308 1247 394 1268 incipiatur
404 1247 451 1266 actio,
462 1247 522 1264 iervide
535 1248 609 1264 termine-

234 1273 261 1287 tur
269 1276 273 1287 :
281 1276 318 1287 mm
329 1271 380 1287 virtus
391 1272 466 1292 principii
478 1272 494 1287 in
504 1272 609 1293 sequentibus

235 1298 296 1316 mauet3
307 1301 316 1312 ι
325 1296 359 1312 fine
370 1301 433 1317 quoque
444 1296 484 1312 solet
494 1296 573 1317 judicium
584 1302 609 1312 su-

235 1321 262 1337 mi.
273 1320 325 1339 Quum
338 1325 376 1341 ergo
388 1325 405 1336 se
417 1320 484 1337 senserit
495 1325 543 1336 ornus
554 1321 609 1337 distra-

639 191 694 207 Deum.
703 192 740 208 Ideo
747 192 786 208 dicit
793 192 882 208 Bernartius
891 197 894 209 :
903 192 956 208 Oratio
963 197 1004 213 quun-

639 218 655 231 to
667 216 749 232 efficacior
762 219 792 235 est,
805 217 818 232 si
833 217 862 233 fiat
874 219 891 233 ut
903 217 956 235 debet,
969 219 1004 233 unm

639 240 712 256 callidius
722 241 797 262 impediri
805 241 825 257 sb
832 242 924 257 adversario
933 242 977 257 solet,
984 242 1004 258 Pe

639 265 707 281 riculum
719 268 743 281 est
751 266 765 282 ai
776 266 824 282 suerit
833 266 882 282 nimis
892 266 954 285 timida,
962 268 978 282 ut
986 269 1004 282 est

638 290 689 306 ontio
696 290 841 311 pusillanimorum,
849 295 881 307 non
888 291 926 306 satis
934 291 950 307 in
958 291 1004 307 divina

639 314 697 335 pietate
709 315 813 335 sperantium.
824 315 874 336 Maius
885 317 909 331 est
922 315 1004 336 perieulum

638 339 652 355 si
663 339 711 355 iuen't
721 340 811 358 temeraria,
822 342 839 356 ut
850 342 874 356 est
885 340 936 356 oratio
947 340 967 356 de
977 341 1004 356 suis

638 364 699 380 meritis
710 364 759 380 nimis
770 364 907 385 praesumentium,
920 365 1003 383 audacium,

638 388 669 404 sibi
683 388 786 409 placentium.
799 389 871 405 Tertium
885 391 909 405 est
921 389 1003 410 periculum

637 413 651 429 si
659 413 707 429 ruerit
714 413 772 434 tepida,
777 416 794 429 ut
801 416 826 429 cst
832 414 882 430 oratio
890 414 1003 434 negligentium.

637 437 698 453 Timida
705 438 765 458 quippe
771 438 822 454 oratio
829 442 861 454 non
869 440 942 459 penetrat
949 438 1003 457 coelum,

637 488 668 505 tus,
677 491 697 502 ne
704 489 752 507 queat
762 487 847 507 procedere
854 492 858 507 ;
866 487 920 508 tepida
931 489 981 503 autem
991 488 1003 503 iu

636 516 703 527 ascensu
718 511 806 532 languescit
820 516 838 527 sc
853 512 914 530 delicit,
927 512 964 533 quia
977 517 1004 528 nou

636 535 684 551 habet
696 536 775 556 vigorem3
788 536 872 552 temer-aria
883 541 923 552 vero
933 537 1003 554 ascendit,

636 560 663 576 sod
675 560 730 579 resilit,
739 560 777 581 quia
787 560 867 576 resistitur
877 561 898 579 ei,
909 565 940 576 uec
949 561 1004 577 obtinet

635 585 707 605 gratiam,
718 585 745 601 sed
757 587 827 601 meretur
839 585 923 601 offensam.
934 586 979 602 Porro
988 585 1004 601 si-

635 609 681 628 delis,
689 610 755 626 humilis
762 615 781 625 ac
789 610 853 626 fervens
860 610 910 626 oratio
918 610 966 626 ctelos
973 610 1003 626 siue
1008 616 1051 628 ιιιιιπι,

636 633 684 650 dubio
695 636 772 655 penetrat.
1009 633 1021 643 ¹¹·

656 658 678 674 Ex
686 658 711 674 his
718 663 754 674 reor
761 659 799 674 satis
810 661 869 679 patere,
878 659 947 680 qualiter
953 659 1004 675 debea-

636 687 671 698 mus
679 687 728 699 orare⁴
737 683 767 699 Sed
776 688 819 699 nunc
827 683 891 699 interim
899 684 981 699 redeamus
987 683 1004 699 ad

635 712 669 725 nos,
680 709 697 723 et
707 708 775 728 qualiter
786 708 851 726 orando,
862 708 949 729 psallendo,
960 708 1004 724 nor-s

635 732 711 748 solvendo
716 737 735 748 ac
741 732 836 748 celebrando
843 737 871 748 nos
879 732 965 748 habeamus
971 737 1004 753 quo

636 781 713 797 custodite
725 786 743 797 nc
755 781 819 802 frigide,
832 787 881 802 quain
893 787 938 803 vage,
950 782 1004 798 irreve-

636 808 694 824 renter,
703 806 747 827 pigre
758 808 805 827 atque
817 806 891 827 insipide.
902 807 981 822 Interdum
991 808 1005 822 et

635 830 686 846 oculis
696 835 786 851 evagamur,
797 833 813 846 et
823 835 879 846 aurem
890 831 909 847 ad
919 831 950 847 alia
958 831 1005 852 appli-

636 859 697 873 camus,
707 859 725 870 ac
738 855 812 871 manibus
824 855 908 876 quidpiam
919 860 1004 877 operamur*

636 880 733 900 Frequenter
741 881 756 895 et
765 880 899 899 circumstantias,
905 880 962 899 locum,
971 882 1005 896 wm-

636 908 672 924 pus,
678 904 743 920 modurn
752 904 853 925 negligimus.
862 904 907 920 Sicut
913 904 1005 922 accedimus,

637 928 658 944 ita
667 928 762 947 recedimus,
771 933 800 944 nec
810 928 881 945 iunctum
890 929 965 945 orationis
973 933 1006 945 eon—

636 953 729 973 sequimur:
736 953 769 969 imo
776 958 819 974 saepe
827 958 846 969 ex
853 953 949 974 negligentia
956 955 1007 969 nostra

636 978 653 993 in
668 978 745 998 majorem
759 978 849 994 ariditatem
864 978 1006 999 hebetudinemque

636 1002 727 1018 dilabimur.
741 1002 780 1018 Cum
791 1002 857 1019 horrore
868 1003 959 1023 incipimus,
972 1007 1006 1018 cum

636 1027 683 1042 taedio
690 1026 807 1046 continuamus,
812 1027 832 1042 ad
840 1027 890 1043 linem
897 1027 1005 1043 acceleramus.

636 1076 720 1091 excaecetio
736 1078 801 1096 nostra;
816 1076 896 1097 quomodo
911 1076 1006 1092 adversarius

636 1102 690 1116 noster
701 1101 720 1116 ad
735 1100 798 1116 libitum
813 1105 861 1116 suum
875 1101 981 1117 debacchatur
992 1101 1006 1116 in

636 1125 688 1143 uobis,
701 1127 717 1140 et
728 1125 812 1141 animabus
824 1125 883 1141 uostris
896 1125 960 1141 illuditl
973 1125 1007 1141 ldeo

636 1150 766 1170 poeniteamus,et
773 1149 818 1170 juxta
826 1150 918 1170 praescripta
926 1150 1007 1166 documen·

636 1176 652 1190 ta
661 1174 761 1193 Sanctorum,
769 1177 805 1190 ante
815 1175 903 1191 orationem
913 1179 942 1191 nos
950 1179 1006 1195 praepw

636 1203 695 1217 remus,
704 1198 720 1214 in
732 1199 803 1215 untione
814 1203 842 1215 nus
853 1199 965 1218 custodiamus,
974 1200 1007 1219 post

635 1223 723 1239 orationem
738 1224 827 1239 devotiores
841 1224 892 1240 simus
906 1228 925 1240 ac
937 1228 1006 1244 perseve-

636 1252 695 1263 18111118,

655 1272 736 1288 Postremo
745 1272 775 1288 viri
785 1272 842 1291 sancti,
849 1273 880 1288 viri
888 1273 970 1291 virtutum,
977 1272 1006 1288 viri

635 1296 701 1315 heroici,
712 1296 729 1312 in
741 1297 774 1312 suis
786 1301 828 1318 saepe
840 1297 938 1313 emtionibus
949 1297 973 1313 sic
984 1302 1005 1312 ra-

636 1321 702 1342 piuntur
715 1321 731 1337 in
744 1321 800 1340 Deum,
813 1321 836 1337 sic
848 1322 865 1337 in
877 1322 951 1343 abyssum
966 1322 1006 1338 lucis
