1079 1569
142 244 163 255 lot
168 245 203 257 :aaa

149 269 170 280 1³1.
175 272 206 282 uu.

146 491 180 502 em.
185 494 207 504 nv.

145 638 203 652 sapa-‚tn

147 662 177 674 ma
184 663 200 674 ni

213 119 233 136 to
431 124 505 137 nonin-ica
516 125 520 136 ι
531 124 616 137 auvam-ms.
626 129 647 132 —
657 125 707 137 emo
717 125 773 137 ramus

213 169 229 183 et
236 169 280 183 tanto
287 169 325 183 sunt
332 167 405 184 homines
413 167 509 186 miseriores,
518 172 550 188 quo
557 172 589 183 am·
596 167 609 183 A
617 168 701 184 consortio.
712 168 750 184 ldeo
762 168 778 184 in
790 168 816 184 die
827 167 884 188 judicii
897 169 952 183 contra
962 167 992 183 ini·
998 170 1061 185 sqmi,

213 191 256 212 plius
264 194 336 212 peccant,
344 197 377 213 quo
387 192 437 213 magis
446 192 465 208 ad
477 192 540 208 libitum
550 194 589 208 tern-

213 216 289 237 poraliter
297 219 416 237 prosperantur,
424 217 508 233 carnaliter
515 217 590 232 delician-

214 243 245 259 tur,
253 241 341 257 bonoribus
350 241 454 260 extolluntur,
463 241 484 257 ita
494 241 537 262 quod
545 241 589 262 virga

213 266 241 281 Dei
252 270 284 281 non
295 268 320 281 est
329 271 378 287 super
387 270 420 285 eos,
428 266 456 282 sed
466 266 535 287 propriis
545 266 589 281 adin-

213 290 315 306 ventionibus
325 291 434 309 dimittuntur,
442 293 490 311 atque
500 290 516 306 in
527 290 589 306 deside-

213 315 241 331 riis
249 315 309 336 proprii
320 315 372 331 cordis
383 315 406 331 ire
413 315 493 331 sinuntur.
502 315 550 331 Porro
557 315 588 331 ele-

213 341 247 355 ctos
257 344 294 355 snos
306 340 347 356 Deus
361 340 426 356 retrahit
438 345 447 355 a
458 339 528 360 peccatis
540 339 589 355 variis

213 364 271 383 modis,
279 364 353 380 videlicet
362 369 365 380 :
374 369 403 385 per
409 364 481 383 adversa,
487 369 516 385 per
523 364 590 385 inspira-

213 389 274 405 tionem
286 389 371 408 internam,
379 394 408 410 per
419 389 544 405 subtractionem
557 394 589 404 ma-

214 413 257 429 terim
264 415 280 429 et
288 414 376 429 occasionis
383 418 412 429 seu
421 413 545 434 opportunitatis
553 418 589 434 pec-

213 438 265 457 candi,
279 443 308 459 per
321 438 410 459 angelicam
424 438 548 459 suggestionem,
561 443 590 459 per

616 197 656 213 quos
669 192 747 213 pugnabit
760 197 789 213 pro
801 192 873 208 Creatore
886 192 929 208 orbis
943 194 991 208 terra-

617 222 658 235 rum,
670 217 703 233 imo
713 217 809 233 universitas
819 219 933 233 creaturarum.

636 242 712 258 Praeterea
728 242 763 258 aliaa
778 242 832 258 multas
846 244 863 257 et
878 245 939 262 magnas
955 244 992 257 sunt

616 271 668 282 causas
682 271 711 282 cur
726 271 774 287 opera
788 266 890 282 tenebrarum
905 266 992 282 debeamus

616 291 686 311 abjicere
697 296 701 307 z
713 291 751 312 quia
763 296 792 312 per
804 296 823 307 ea
836 291 908 307 membra
919 295 938 306 ac
950 290 992 306 servi

617 315 676 331 diaboli
686 315 774 334 reddimur,
781 316 820 336 jugo
830 315 918 336 impietatis
927 315 993 335 subjici>

617 345 659 359 mur,
671 340 718 356 donis
731 340 785 361 gratim
797 340 813 356 in
826 340 900 361 prasenti
914 340 992 360 bonisque

616 364 671 385 gloriae
679 365 695 380 in
703 364 757 380 futuro
765 364 921 385 privamur,mternia
929 369 993 385 quoque

617 389 713 410 deputamur
725 389 815 410 suppliciis,
826 389 887 405 idcirco
897 393 953 405 omnes
964 389 993 404 ini-

617 414 645 434 qui
653 418 690 429 vere
700 415 716 429 et
724 414 810 429 infeliciter
819 413 864 429 stulti
874 415 917 432 sunt,
926 413 953 434 qui
964 417 993 434 pro

617 438 663 454 brevi
672 440 689 454 et
696 438 725 454 vili
734 438 840 454 delectatione
850 438 911 459 peccati
920 440 944 454 tot
952 437 993 453 mala

213 462 339 478 exhortationem
356 465 373 478 et
388 462 518 478 informationem
532 462 589 478 buma-
598 462 689 479 Binl'ernnt
701 462 738 481 sibi,
750 465 783 478 tam
796 462 926 478 irrationabiliter
937 464 992 483 agunt,

214 491 256 502 nam.
264 487 304 503 Hinc
312 487 329 503 in
337 487 426 503 Proverbiis
435 487 590 503 scribiturzlustitia

214 511 265 527 elevat
274 514 344 532 gentem,
353 512 420 527 miseros
430 512 468 527 facit
479 512 547 532 populos
555 516 590 532 pec<

214 538 272 552 catum.
281 536 348 557 insuper
359 541 409 557 quum
421 537 478 552 caritas
488 536 516 552 Dei
526 536 547 552 sit
557 536 589 552 vita

214 560 276 579 animle.
284 561 326 577 sicut
336 561 390 577 anima
401 563 425 577 ost
435 561 467 577 vita
477 561 548 582 corporis
558 561 589 579 sni,

214 590 242 606 per
250 585 280 601 hoc
288 586 330 606 qnod
340 588 423 607 peccatum
432 585 498 602 mortale
508 585 590 601 caritatem

214 610 242 626 Dei
253 610 295 626 tollit
306 610 326 626 ab
337 610 396 629 anima,
404 610 509 631 spiritualiter
519 615 554 626 eam
564 614 590 625 oc-

214 635 259 653 cidit,
268 635 314 655 juxta
324 635 363 650 illud
374 639 378 651 3
389 635 409 651 Os
420 635 462 655 quod
474 634 556 653 mentitur,
564 639 590 650 oc-

214 659 254 675 eidit
265 659 345 679 animam;
356 659 427 680 itemque
438 664 442 675 1
453 659 537 679 lnjustitia,
550 663 590 674 mor-

214 683 235 699 tis
247 686 271 699 est
284 684 374 705 acquisitio.
387 684 410 700 De
424 684 477 699 taliter
490 683 556 699 mortuis
568 683 590 699 ait

140 712 208 725 amm-nrt
215 708 286 724 Salvator
296 713 300 724 z
311 708 376 724 Dimitte
387 710 457 724 mortuos
469 708 537 729 sepelire
549 712 590 723 mor-

214 734 250 749 tuos
261 737 302 749 suos.

617 490 649 503 tarn
657 487 697 503 viles
705 492 722 503 se
730 487 796 506 iaciunt,
805 489 828 503 tot
835 487 912 508 periculis
920 492 937 503 se
945 491 993 508 expo-

617 514 662 528 nunt.
671 512 729 528 Carent
739 512 814 532 equidem
826 512 867 527 dono
878 512 966 532 sapientias,
977 513 993 527 et

617 536 656 552 vitio
667 536 763 557 puerilitatis
773 536 850 552 falluntur
861 536 915 557 pueris
925 536 992 555 similes,

618 561 650 577 imo
659 561 783 582 insipientiores.
791 561 830 577 Nam
838 561 880 576 sicut
889 560 958 576 infantes
966 565 993 581 po-

618 590 644 601 ma
651 587 667 601 et
674 585 709 606 pira
719 585 806 606 praeterunt
814 590 853 601 auro
862 587 879 601 et
886 585 960 606 gemmis,
968 585 992 601 sic

618 610 649 631 ipsi
662 610 808 630 incomparabiliter
820 610 884 625 stultius
897 610 927 625 ista
939 614 992 626 carna-

618 635 639 650 lia
651 637 666 650 et
678 635 738 650 caduca
750 634 837 655 puerei-unt
849 634 891 650 bono
904 634 992 650 incommu<

618 659 668 677 tabili,
677 664 741 675 summo
750 661 766 675 et
776 659 845 678 infinito,
857 659 889 675 Deo
898 659 964 674 sublimi
973 664 992 675 ac

618 684 768 704 superdffrnissimo,
786 685 802 699 et
818 683 930 704 spiritualibus
946 684 992 699 donis

618 708 673 729 ipsius*
690 708 734 724 Unde
750 708 769 724 de
785 708 837 724 taliter
853 708 902 723 fatuis
918 708 992 724 Salomon

617 735 714 753 protestatur
725 737 729 748 :
741 732 828 748 Stultorum
841 732 915 748 infinitus
927 734 952 748 est
964 737 993 748 nu·
1000 737 1064 749 austun.

234 757 298 776 Quarto,
307 757 382 778 quoniam
395 759 479 778 peccatum
491 759 515 773 est
527 762 590 773 summa
599 757 610 774 C
618 762 676 773 merus.

151 785 166 797 n.
171 785 206 797 onia
215 782 267 798 vilitas
277 782 352 798 hominis.
361 782 416 798 Omnis
425 782 486 798 etenim
493 784 566 797 creatura
573 781 589 797 in

140 805 170 812 ιοιι.
175 805 203 812 ιιι

214 809 291 827 quantum
299 809 329 825 est,
337 807 397 827 aliquid
406 806 490 827 participat
497 806 556 822 divium
564 806 591 822 bo-

214 831 274 850 nitatis,
286 831 389 852 perfectionis
401 836 419 847 ac
430 831 518 852 dignitatis,
530 831 563 847 imo
574 833 590 846 et

213 856 273 872 divium
285 856 416 877 pulchritudinis,
428 857 445 871 ut
457 856 521 871 divinus
533 855 590 876 Diony-

213 881 247 896 sius
254 881 304 896 docet.
310 880 350 896 Eine
358 880 419 896 bonurn
426 882 443 896 et
450 885 506 896 verum
513 885 531 895 ac
540 884 589 895 unum

213 905 325 921 convertibilia
333 907 371 921 sunt
378 909 414 920 curn
423 907 465 923 ente,
473 905 548 920 similiter
555 904 590 925 pul-

214 930 276 945 chrum.
284 930 324 945 Hinc
332 929 381 945 etiam
389 929 441 945 omnis
449 931 521 945 creatura
529 929 589 949 aliqua-

214 954 251 970 liter
261 954 358 970 assimilatur
368 954 443 970 Creatori.
452 954 525 969 Peccator
536 955 590 969 autem

214 979 231 994 in
239 981 316 999 quantum
325 980 404 999 peccator,
413 983 443 994 non
452 978 504 994 solnm
512 978 534 993 nil
542 978 591 993 habet

214 1008 232 1019 ae
244 1003 283 1019 nibil
296 1003 380 1024 participat
391 1003 471 1021 bonitatis,
480 1002 589 1023 perfectionis,

214 1028 295 1049 dignitatis
310 1032 328 1044 ac
342 1027 472 1048 pulchritudinis,
486 1027 518 1043 imo
531 1027 552 1043 ab
564 1027 590 1043 bis

637 782 714 798 Praeterea
723 786 754 798 non
765 781 828 798 sufficit
835 781 881 798 nobis
889 781 909 797 ad
918 782 991 800 salutem,

617 811 666 827 opera
680 806 781 822 tenebrarum
796 806 871 827 abjicere,
885 804 917 822 sed'
927 811 992 822 necesse

618 833 642 847 est
652 833 669 846 ul.
679 836 724 846 arma
734 831 779 849 lucis,
788 831 804 846 id
815 833 839 846 est
849 831 917 846 virtutes
926 833 942 846 et
951 831 993 846 dona

618 856 686 876 Spiritus
696 855 756 873 Sancti,
766 855 905 876 apprehendamus
916 860 934 871 ac
947 855 992 871 indu-

618 885 663 896 amus
674 885 678 896 :
689 880 723 896 baec
735 880 794 896 etenim
804 885 848 896 arma
857 880 919 896 animas
931 882 992 896 nostras

618 905 698 923 decorant,
707 904 793 920 deiformes
802 904 882 923 efficiunt,
891 906 907 920 et
917 905 949 920 Deo
958 909 992 925 gra—

617 932 647 948 tas,
655 929 736 950 placentes
743 931 791 950 atque
798 929 875 945 amabiles
883 929 956 945 reddunt.
965 929 992 945 His

618 954 671 975 itaque
682 954 732 969 armis
743 954 833 974 indigemus
842 959 845 970 :

637 979 695 997 Primo,
704 978 780 999 quoniam
790 978 851 999 absque
862 978 885 994 eis
895 978 954 994 animm
965 983 993 994 no-

617 1005 654 1019 strae
664 1005 701 1018 sunt
711 1003 763 1021 nudae,
771 1007 855 1024 pauperes,
863 1003 930 1025 debiles,
938 1007 993 1019 vacua

617 1030 633 1043 et
644 1027 724 1043 deformes
733 1032 736 1043 z
745 1027 780 1043 ideo
792 1027 827 1043 sine
838 1027 863 1043 liis
874 1027 906 1043 Deo
918 1032 949 1043 non
961 1027 993 1048 pla-

214 1052 290 1069 omnibus
301 1053 343 1068 cadit
353 1057 372 1068 ac
383 1052 444 1070 deficit,
452 1054 500 1073 atque
512 1052 590 1072 oppositis
598 1052 610 1067 D
618 1054 659 1070 cent,
670 1052 697 1067 sed
708 1052 798 1072 displicent<
809 1051 922 1067 Pulcherrimae
932 1052 993 1072 quippe

214 1078 271 1093 horum
282 1077 363 1098 impletur,
372 1079 410 1097 puta
419 1077 485 1095 malitia,
494 1076 590 1097 imperfecti<

214 1107 250 1121 oue,
258 1102 325 1120 vilitate,
335 1102 436 1118 deformitate
450 1106 478 1117 seu
491 1101 590 1122 turpitudine

214 1132 232 1143 ac
242 1127 378 1143 dissimilitudine.
386 1126 430 1142 Unde
439 1126 454 1142 in
465 1128 542 1147 quantum
554 1130 590 1146 pec-

214 1154 263 1170 cator,
272 1151 329 1167 merito
337 1151 394 1169 malus,
401 1151 455 1169 lalsus,
462 1155 517 1169 vanus,
524 1150 590 1169 divisus,

214 1177 257 1195 vilis,
268 1176 350 1194 deformis,
358 1180 376 1191 ac
389 1175 421 1191 Deo
433 1175 516 1191 dissimilis
529 1180 590 1191 nuncu-

214 1203 265 1222 patur.
280 1201 361 1217 Peccando
375 1200 423 1216 etiam
438 1202 462 1215 est
477 1200 509 1215 Deo
523 1200 590 1215 creatori

215 1227 291 1247 ingratus,
306 1225 383 1244 infidelis,
398 1224 462 1240 rebellis
475 1229 494 1240 ac
508 1224 572 1240 odiosus
586 1229 589 1240 :

215 1251 257 1271 quod
267 1252 291 1266 est
301 1250 371 1266 maxima
381 1249 438 1265 vilitas.
448 1249 508 1265 ideireo
518 1251 591 1270 peccator

215 1275 290 1296 indignus
297 1277 322 1291 est
330 1279 370 1295 pane
378 1278 410 1295 quo
417 1274 492 1292 vescitur,
498 1278 535 1289 aere
542 1279 591 1294 quern

215 1300 288 1321 respirat,
297 1302 339 1315 terra
349 1304 397 1320 quain
410 1299 465 1317 calcat,
474 1299 506 1314 imo
517 1298 590 1314 omniurn

215 1327 324 1341 creaturarum
336 1323 430 1343 ministerio,
438 1323 536 1339 adminiculo
543 1325 591 1344 atque

618 1079 669 1092 vestes
677 1078 693 1092 et
701 1081 742 1092 verae
750 1076 809 1092 divitiae
819 1076 909 1092 animarum
917 1078 954 1092 sunt
961 1076 992 1092 vir-

618 1103 665 1120 tutes,
674 1106 710 1122 qua)
720 1101 768 1116 etiarn
778 1101 827 1117 robur
835 1103 851 1117 et
858 1101 906 1116 decor
916 1103 953 1116 sunt
961 1101 993 1117 ani-

618 1130 680 1141 marum
695 1128 790 1141 nostrarum.
804 1125 848 1141 Unde
863 1125 940 1141 Dominus
955 1126 977 1141 ait
988 1130 992 1141 :

618 1151 679 1166 Suadeo
689 1150 718 1166 tibi
729 1155 782 1166 emere
792 1155 849 1166 aurum
861 1150 935 1170 ignitum,
944 1150 959 1166 id
969 1152 994 1166 est
1001 1155 1066 1169 Λρω-,ιι

619 1175 700 1191 caritatem
708 1179 717 1190 a
725 1175 757 1190 Deo
767 1174 842 1195 precibus
853 1175 944 1195 impetrare,
952 1177 968 1190 et
976 1177 994 1190 nt

619 1200 719 1215 vestimentis
727 1199 774 1218 albis,
783 1199 798 1215 id
808 1201 833 1215 est
840 1199 926 1215 virtutibus
936 1199 994 1215 ceteris

618 1229 654 1245 quae
665 1224 712 1240 simul
724 1229 762 1239 curn
773 1224 837 1240 caritate
847 1224 935 1240 adveniunt
944 1226 961 1240 et
970 1228 994 1240 re-

618 1249 683 1267 cedunt,
691 1248 768 1267 induaris,
774 1251 791 1264 ut
799 1253 830 1264 non
838 1250 914 1269 appareat
921 1248 995 1264 confusio

619 1273 696 1289 nuditatis
707 1275 743 1289 tuae.
754 1273 794 1288 Hinc
806 1273 898 1289 carentibus
910 1273 935 1288 his
947 1273 995 1289 vesti-

619 1298 649 1314 bus
661 1298 721 1313 dicitur
732 1303 736 1314 2
749 1298 830 1316 Quomodo
842 1298 874 1313 buc
887 1298 949 1313 intrasti
962 1302 994 1313 non
1002 1302 1068 1314 :aarum

620 1323 680 1338 babens
691 1325 752 1338 vestem
765 1322 867 1343 nuptialem?
878 1322 930 1341 Quum
941 1322 994 1343 itaque
1002 1316 1019 1327 ¹¹*
