1079 1569
218 120 248 138 1oe

356 126 430 139 ΒΟΙῊΠΕΔ
440 127 456 139 Ν
467 126 552 139 ΔΙΝΠΙῊἸΒ.
562 131 583 134 -
593 127 614 139 ΑΙ)
623 126 721 143 ΙίΕιΙΕΙῦΞῠξῖ
732 126 782 138 fimo
792 126 857 141 ΟΙῚΙΝΤΙῚΕ

217 173 247 185 nec
257 174 303 185 mens
313 169 403 190 exprimere
413 171 469 190 queat3
480 169 546 190 ipsaque
558 170 591 185 ani·
598 169 611 186 Α
619 169 672 186 labore
682 169 765 190 spirituale
773 169 803 185 boc
813 169 890 190 gaudium
901 168 998 190 puritasque

216 198 243 209 ma
255 194 366 214 spiritualibus
380 194 459 210 fructibus
471 194 523 215 plena,
536 199 590 215 puras,

217 220 299 239 promptas
308 223 327 234 ac
336 218 405 239 fervidas
415 219 434 234 nd
445 219 495 234 Deum
505 219 590 239 prasmittat

216 247 278 263 preces,
286 243 303 258 in
314 245 376 259 tautum
387 245 404 259 ut
415 243 463 259 etiam
476 248 504 264 per
516 248 590 264 soporem

216 267 314 288 supplicans,
322 272 349 283 eas
359 268 379 284 ad
390 268 476 284 Dominum
487 268 546 284 sentiat
556 273 591 288 per-

216 292 281 308 veniret
287 292 307 308 At
314 297 369 308 rursus
376 292 425 308 nullis
433 292 547 308 exsistentibus
555 297 591 308 cau-

216 316 302 335 sis,subito
309 317 390 337 replemur
397 322 455 337 angore
462 319 479 333 et
486 317 590 333 irrationabili

216 341 285 362 quadam
293 341 374 360 moestitia,
383 343 400 357 ut
407 346 440 357 nou
447 342 499 357 solum
507 346 536 357 nos
547 341 590 362 ipsos

215 371 288 382 arescere
299 366 393 385 sentiamus,
402 367 429 382 sed
442 368 458 382 et
470 367 533 382 horreat
544 366 589 385 cella,

216 396 245 407 nec
257 391 309 412 sapiat
320 391 373 409 lectio,
386 391 421 412 ipsa
431 396 495 412 quoque
505 391 590 410 instabilis,

216 415 309 432 nutabunda
316 418 332 431 et
339 416 385 436 quasi
393 416 437 431 ebria
445 416 526 432 emittatur
534 416 589 432 oratio:

216 440 232 456 in
240 442 302 456 tantum
310 442 328 456 ut
336 440 478 461 ingemiscentibus
489 440 535 456 nobis
542 442 590 461 atque

618 194 680 210 iuterna
694 196 814 215 recuperentur,
828 196 922 214 recuperata
937 193 998 210 sollici-

618 219 650 235 tius
663 219 776 235 custodiamus.
786 219 809 234 Ex
820 218 879 239 quibus
892 220 997 237 monstratur,

618 244 685 264 gretiam
697 244 725 259 Dei
735 243 797 264 operari
809 243 825 259 in
837 243 883 259 nobis
894 247 942 259 omne
952 243 998 264 quod

619 268 679 284 bonum
689 270 718 286 est,
727 270 743 284 et
753 273 772 284 ea
784 272 813 284 nos
824 268 912 286 deserente,
923 268 998 283 studium

618 295 690 308 nostrum
701 293 741 308 nihil
752 293 811 308 valere.

639 317 710 338 Denique
720 317 771 338 gratia
781 317 810 333 Dei
819 321 936 337 nonnunquam
946 317 997 333 etiam

618 342 716 362 negligentes
726 346 745 358 ac
754 342 832 358 resolutos
844 341 949 362 inspiratione
959 346 997 357 snu-

619 368 644 382 cta
655 371 673 382 ac
685 366 793 386 spiritualium
806 370 883 382 sensuum
896 365 998 382 abundantia

618 390 678 409 visitet,
691 390 759 411 inspirat
773 390 853 411 indignos,
866 390 933 406 suscitat
946 390 997 411 pigri-

618 417 675 434 tantes,
684 415 765 431 illuminat
776 415 868 435 ignorantie
879 415 950 431 cecitate
961 420 997 436 per-

619 444 674 456 cussos
685 444 688 456 :
699 440 787 456 clementer
798 444 908 460 nosmrguens
921 442 937 456 et
949 440 997 456 easti-

216 465 316 483 conantibus,
329 465 349 481 ad
361 465 445 486 pristinam
457 465 511 486 gratim
523 465 591 481 al'tluen-
600 465 611 481 B
618 469 663 485 gans,
671 469 689 480 ac
697 464 755 480 nostris
765 464 840 480 cordibus
850 469 867 480 se
875 464 969 483 infundens,
977 467 996 480 ut

215 489 254 505 tiam
264 494 309 505 mens
317 489 388 505 revocari
396 494 427 505 non
435 491 488 510 queat,
496 489 523 505 sed
531 492 591 510 quanto

216 514 293 530 intentius
300 514 320 530 ad
328 514 356 530 Dei
364 514 449 530 reducatur
456 514 538 532 intuitum,
547 516 591 530 tento

216 538 326 554 vehementius
334 538 354 554 ad
362 538 443 554 discursus
452 538 534 554 instabiles
542 538 592 559 rapis>

215 563 306 584 tur-,sieque
313 563 358 579 omni
366 563 445 584 spirituali
453 563 507 579 fructu
515 562 590 578 reddatur

215 588 296 606 destituta,
306 590 323 603 ut
330 592 360 603 nec
369 587 448 603 desiderio
456 588 500 608 regni
508 592 538 603 nec
546 589 590 603 metu

214 612 292 633 gebennoe
298 617 307 628 a
313 612 356 628 letali
363 612 393 628 hoc
399 616 456 628 somno
462 612 513 628 voleat
518 612 589 628 excitari.

234 637 258 653 Ad
272 637 306 653 lime
321 637 370 653 obbas
382 637 437 653 Daniel
452 637 475 652 sic
490 636 573 657 respondit
585 641 589 653 ς

214 662 265 682 Hujus
278 662 301 677 rei
313 662 371 683 triplex
383 664 407 677 est
419 662 463 677 ratio.
472 662 504 677 Aut
514 661 558 677 enim
570 661 590 677 de

214 686 311 707 negligentia
325 688 384 705 nostra,
396 688 424 702 aut
435 686 455 702 de
470 686 590 707 impugnatione

214 711 280 730 diaboli,
290 712 318 726 aut
328 711 347 727 de
359 711 478 731 dispensatione
490 710 590 731 probatione-

214 740 246 756 que
258 735 286 751 Dei
301 735 388 751 descendit*
402 735 424 751 De
436 735 538 755 negligentia,
551 735 589 750 dum

619 489 644 505 vel
656 489 680 505 sic
691 489 711 505 de
724 489 785 505 inei-tim
797 491 855 505 nostrffi
867 493 929 507 somno,
943 489 996 510 ipsius

619 514 742 534 compunctione
750 514 826 534 instigati,
832 518 921 534 surgamus,
927 514 997 535 Insuper

619 543 661 559 smpe
672 538 748 554 odoribus
763 538 804 554 ultra
817 543 882 554 omnem
898 538 995 554 suavitatem

619 563 739 584 compositionis
749 563 823 579 humanm
830 563 935 582 dulcissimis,
944 563 960 579 in
968 563 996 579 his

618 588 672 609 gratim
680 587 798 603 visitationibus
806 587 888 608 replemur
895 590 967 608 repente,
972 588 996 604 ita

619 615 636 629 ut
654 618 698 628 mens
715 612 822 628 oblectatione
839 612 868 628 hac
885 612 960 631 resoluta,
976 613 995 628 in

618 637 703 658 quemdam
716 637 786 658 rapiatur
796 637 863 658 spiritus
872 641 962 655 excessum,
970 642 995 653 se-

618 667 649 682 que
657 662 761 677 obliviscetur
768 661 863 677 commereri
871 661 887 677 in
895 666 948 677 carne⁴
952 661 995 677 Ecce

618 691 666 707 quam
680 686 749 707 gratiose
761 688 777 702 et
788 686 853 706 copiose
867 686 995 706 benignissimus

617 716 636 727 ae
646 710 807 726 munificentissimus
818 710 896 726 Dominus
906 715 944 726 suos
954 710 995 726 fide-

618 735 687 751 lissimos
698 735 756 753 visitat,
765 735 856 751 consolatur
865 739 883 750 ac
895 735 936 755 rapit
947 735 995 751 mini-

215 759 267 775 noxiis
275 759 398 780 cogitationibus
407 760 459 775 locum
467 759 529 778 damus,
538 761 554 775 et
561 764 590 780 per
599 760 610 776 G
618 762 663 775 stros.
672 759 715 775 Unde
725 761 741 775 et
748 761 812 775 sanctus
822 759 881 775 fatetur
890 759 980 775 Bernardus
989 764 993 775 :

215 785 295 805 ignaviam
306 785 397 805 quamdam,
408 787 466 800 ten-sm
477 784 529 800 cordis
539 784 589 800 nostri

214 810 269 830 spinas
277 811 293 825 et
300 809 368 825 tribulos
375 809 443 825 facimus
450 809 590 829 germinarezqui-

215 834 245 850 bus
255 834 272 849 in
279 838 297 850 ea
305 833 428 854 pullulantibus,
436 833 518 849 efficimur
527 833 590 849 steriles

215 860 263 879 atque
275 858 295 874 ab
307 858 351 874 omni
364 857 444 878 spirituali
457 857 510 873 snictu
522 862 541 873 ac
553 861 590 873 con-

215 882 319 903 templatione
328 882 386 903 jejuni.
395 882 417 898 De
427 882 547 902 impugnatione
557 882 590 897 dis-

215 907 254 926 beli,
262 907 301 923 dum
312 907 358 923 bonis
369 907 449 923 exercitiis
459 906 539 927 occupati,
547 906 590 922 calli-

215 932 264 948 ditate
271 932 407 948 circumvenimur
415 931 515 950 tentantis,et
521 931 542 947 ad
550 936 590 947 vane

215 957 288 977 quiedam
296 956 404 972 distrahimur.
409 956 431 972 De
439 956 557 976 dispensatione
564 960 590 971 ve-

216 986 233 997 ro
245 981 369 1002 probationeque
380 981 414 999 Dei,
423 983 440 996 ut
451 980 532 1001 paulisper
543 985 552 996 a
562 980 590 996 Do—

216 1006 261 1022 mino
270 1006 348 1024 derelicti,
356 1010 374 1021 ec
385 1005 466 1026 propriam
479 1005 590 1021 infirmitatem

215 1030 283 1051 experti,
295 1031 315 1046 de
327 1030 414 1051 praebabita
428 1030 497 1050 puritate
511 1031 527 1045 et
540 1029 591 1050 gratia

617 785 734 805 Nonnunquam
747 784 792 803 mihi,
805 788 815 800 ο
826 784 899 803 Domine,
912 784 963 800 mittis
976 784 994 800 in

617 814 635 825 os
645 809 697 825 cordis
708 809 750 829 quod
761 813 793 824 nen
805 809 843 824 licet
852 808 892 824 mibi
903 809 944 824 scire
953 809 994 829 quid

617 834 647 853 ait3
655 838 728 854 saporem
736 833 802 854 quidem
810 833 900 849 dulcedinis
908 833 959 849 sentio
967 833 994 849 ad—

617 863 636 874 eo
648 858 769 876 confortantem,
779 858 822 878 quod
833 858 846 873 si
860 857 965 878 perficeretur
976 858 993 873 in

618 887 649 901 me,
658 883 699 898 ultra
710 882 732 898 nil
742 887 835 903 quaererem.
844 882 887 898 Hanc
898 882 968 903 ignotam
977 885 994 898 et

618 907 709 923 inusitatam
717 907 819 922 dulcedinem
830 911 847 922 se
855 909 926 927 gustasse
936 907 994 923 memi-

618 932 642 948 nit
652 932 755 952 Augustinus>

635 956 719 974 Postremo,
723 956 736 971 si
744 958 760 972 et
767 960 796 972 nos
804 956 858 976 pusilli
866 956 927 976 aliquid
935 956 993 972 borum

618 983 706 1001 utcumque
716 985 735 996 ac
745 980 807 996 modice
819 982 882 1001 gustare
894 980 993 1001 appetimus,

618 1010 671 1021 coram
684 1005 716 1021 Deo
728 1009 791 1025 semper
805 1005 873 1020 sollicite
885 1005 992 1021 ambulemus.

618 1030 701 1050 Linguam,
710 1031 781 1045 ventrem
789 1034 807 1045 ac
815 1034 871 1045 sensus
879 1033 952 1045 coercere
959 1034 993 1045 non

216 1055 308 1071 nullatenus
316 1055 422 1074 extollamur;
431 1054 517 1070 sentientes
526 1059 590 1075 quoque
598 1055 611 1071 D
618 1054 721 1073 desistamos3
729 1054 793 1074 sintque
800 1053 843 1069 oculi
850 1054 900 1069 nostri
909 1054 993 1070 interiores

216 1084 248 1096 non
259 1084 305 1101 posse
316 1084 345 1095 nos
356 1081 410 1095 nostro
420 1081 477 1095 conatu
487 1081 535 1099 atque
546 1078 591 1094 indu-

215 1105 254 1121 atria
261 1104 359 1120 alacritatem
366 1106 382 1119 et
389 1103 456 1124 gratiam
464 1103 507 1119 illam
515 1103 590 1119 amissam

216 1134 316 1150 recuperare,
326 1133 412 1150 pensemus
424 1132 455 1144 non
467 1130 521 1144 nostro
531 1128 590 1146 studio,

216 1154 244 1170 sed
256 1154 284 1169 Dei
296 1153 387 1174 dignatione
399 1157 435 1168 enm
447 1157 475 1168 nos
488 1152 563 1168 babuisse
574 1154 591 1168 et

216 1178 236 1195 ab
246 1183 265 1194 eo
275 1178 388 1199 reposcendam
396 1178 456 1198 jugiter
466 1182 500 1193 esse
508 1182 512 1193 τ
521 1177 564 1196 item,
573 1179 591 1193 ut

216 1203 334 1224 perseverantis
347 1205 406 1221 nostra,
419 1202 507 1218 constantia
520 1207 539 1217 sc
550 1202 591 1217 desi-

216 1228 279 1244 derium
292 1227 421 1248 comprobentur,
431 1232 450 1243 ac
462 1229 515 1247 petest
526 1226 590 1247 qualem

216 1252 304 1269 babeamus
314 1252 334 1268 ad
345 1252 395 1268 Deum
405 1251 488 1270 liduciam,
496 1256 544 1272 quam
555 1255 591 1267 con-

216 1279 276 1293 stanter
288 1282 306 1293 ec
317 1277 378 1292 intente
390 1276 490 1296 requiramus
501 1276 590 1294 absentem,

216 1307 265 1323 quarn
283 1302 331 1317 etiam
352 1301 463 1322 longanimiter
481 1300 591 1321 prmstolemur

217 1327 303 1347 eumdem;
312 1331 331 1342 ac
340 1326 399 1347 pariter
408 1327 521 1346 cognoscentes
530 1327 590 1346 quanto

618 1083 682 1099 semper
691 1078 710 1094 nd
721 1078 812 1096 Dominum,
820 1078 885 1097 orando,
894 1078 992 1097 meditando,

618 1103 700 1124 psallendo
709 1108 712 1119 :
721 1108 740 1119 ex
748 1103 807 1123 quibus
816 1103 870 1119 fervor
877 1103 949 1124 precedit
956 1108 992 1119 ean-

618 1128 639 1144 cti
650 1128 715 1146 amoris,
723 1129 770 1148 atque
781 1127 853 1148 pertusio
863 1128 917 1148 gaudii
928 1128 993 1148 spiritu—

618 1152 652 1168 alis*
661 1152 680 1168 Et
689 1152 734 1172 juxta
743 1152 832 1168 doctrinam
839 1152 910 1173 Apostoli
921 1152 937 1168 in
947 1153 993 1168 hodi-

618 1182 656 1193 erna
663 1177 736 1198 epistola,
744 1177 822 1192 modestia
829 1179 883 1193 nostra
890 1177 911 1193 sit
918 1179 966 1196 tanta.
975 1179 993 1193 ut

618 1202 693 1218 omnibus
703 1201 723 1217 ad
733 1206 789 1217 eorum
801 1201 890 1217 innotescat
901 1202 993 1218 mdil'ieatio-

618 1231 660 1242 nem⁴
669 1226 712 1242 Nihil
722 1226 786 1241 solliciti
796 1226 847 1242 simus
857 1226 876 1242 de
886 1226 934 1242 rebus
944 1228 992 1242 terre-
1006 1232 1046 1243 „ia-eri
1053 1235 1066 1243 m

618 1251 649 1269 nis,
657 1252 673 1266 et
680 1255 744 1266 omnem
755 1250 861 1266 inordinatam
871 1250 943 1267 funditus
951 1251 993 1267 evel-
1001 1249 1019 1259 ’5-

618 1275 670 1291 lamus
678 1275 851 1296 eupiditatemzsicque
858 1280 888 1296 pax
896 1275 993 1296 Christi,pax

618 1299 706 1320 spiritualis
718 1299 785 1318 interna,
795 1304 831 1320 quaa
842 1302 866 1315 est
875 1300 952 1320 gaudium
963 1300 993 1316 im-

619 1324 735 1346 perturbatum,
746 1324 821 1340 videlicet
833 1324 910 1345 quietatio
921 1329 939 1340 ac
951 1326 994 1340 tran-
