1079 1569
166 189 227 203 lar-mn.

161 206 178 217 ιι.

166 263 210 275 unzin.
213 267 228 276 n.

234 114 264 131 ΒΕ

424 119 498 132 mmm
508 120 525 132 ln
535 119 662 134 eumcum.
672 123 693 126 —

703 118 753 131 amo
763 119 818 130 ramus

234 163 272 182 pata
282 166 300 177 ac
311 162 388 178 erdinata-
395 162 435 178 Nam
447 164 463 178 et
473 162 546 178 diabolus
558 162 609 178 voluit
616 162 629 178 A
656 162 708 180 Porro,
717 161 733 177 in
743 161 821 182 sapientia
831 161 882 177 Deum
893 160 969 176 imitemur
977 166 995 177 se-

235 186 267 202 Deo
277 186 368 206 assimilari,
376 187 449 206 dicendo,
458 187 509 207 Super
518 189 560 202 astra
572 186 609 202 coeli

235 211 308 227 exaltabo
315 211 373 227 solium
382 216 441 230 meum,
449 211 507 227 similis
514 216 542 227 ero
549 211 609 227 Altissi-

235 240 271 255 mo;
284 236 347 255 iterum,
361 236 424 257 quando
436 236 476 252 dixit
489 236 509 251 ad
521 236 608 254 Christum,

235 259 271 276 ΗΜ
277 260 336 279 omnia,
345 261 407 277 scilicet
416 260 472 277 mundi
482 265 536 281 regna.
544 260 573 276 tibi
582 260 609 276 da-

235 285 261 303 bo,
269 285 282 301 si
291 285 375 306 procidens
382 285 473 301 adoraveris
482 290 513 304 me,
519 285 570 301 voluit
577 285 609 301 Deo

234 309 325 325 assimilari,
334 310 388 331 ltaque
395 310 488 326 assimilatio
498 309 526 325 Dei
534 311 609 330 usurpata

235 336 251 350 et
258 334 298 350 falsa
307 336 336 353 est,
344 335 408 355 quando
418 336 490 350 creatura
497 334 609 350 intellectualis

234 358 291 374 nititur
303 359 335 375 Deo
349 359 434 374 assimilari
449 359 466 374 in
480 359 505 375 his
520 359 536 374 in
550 358 609 379 quibus

234 387 266 399 non
279 383 356 404 competit
368 383 383 399 ei
398 383 483 399 assimilari
495 383 570 402 Creatori,
583 383 609 399 vel

234 408 298 428 quando
305 408 322 424 in
329 408 354 424 bis
365 408 381 424 in
392 408 451 429 quibus
461 408 537 429 competit
547 408 562 423 ei
571 408 609 423 assi-

234 432 287 448 milari
298 432 373 451 Creatori,
384 433 440 448 nititur
451 433 466 448 ei
476 432 561 448 assimilari
573 432 608 453 plus

234 481 263 497 Dei
275 481 347 497 ordinata
359 483 389 500 est,
401 482 440 498 dum
454 482 515 502 appetit
527 482 559 497 Deo
570 482 609 497 assi—

234 505 287 521 milari
302 506 319 521 iu
333 506 358 522 bis
374 506 391 522 in
404 506 463 527 quibus
477 506 523 522 decet
537 507 553 521 et
567 506 609 521 sicut.

234 532 301 551 oportet.

251 555 281 571 Ubi
288 555 374 576 diligenter
381 556 480 576 pensandum
487 557 516 574 est,
520 555 562 576 quod
570 560 610 576 qua>

234 580 271 596 dam
283 580 382 596 conveniunt
394 580 426 596 Deo
437 580 454 596 in
466 580 525 600 quibus
537 581 609 595 creatura

235 609 336 625 nequaquam
347 609 384 621 eum
397 606 449 625 potest
459 604 523 623 imitari,
532 606 550 620 ut
559 606 596 620 sunt
604 609 608 620 τ

235 629 275 645 nulli
288 629 360 648 subesse,
370 629 451 645 voluntate
464 629 487 645 uti
499 633 529 650 pro
541 629 581 649 lege,
590 629 609 645 ad

235 653 300 670 libitum
312 654 396 672 dominari,
407 653 482 669 omnibus
494 653 544 669 libere
556 654 610 674 praeei-

235 679 278 697 dere,
291 680 307 694 et
319 678 360 694 velle
373 678 454 694 liberrime
466 678 551 697 dominari,
562 680 609 699 etque

236 705 301 724 propter
308 708 324 719 se
332 703 374 719 velle
381 703 429 719 amri
437 708 455 719 ac
462 702 610 721 bonorarimullius-

235 733 267 749 que
278 728 354 748 indigere.
363 727 382 743 Et
392 727 446 743 omnia
459 727 489 743 ista
500 727 519 743 ad
532 727 610 743 excellen-

636 186 707 202 cundum
714 191 806 203 mensuram
815 187 873 202 nostro
881 185 961 206 capacitati
967 190 995 201 mu-

636 211 733 229 venientem,
746 215 766 226 ne
779 211 829 226 simus
841 210 900 226 curiosi
912 211 931 226 ad
944 210 996 226 invenl-

636 236 705 256 gandum
714 240 749 256 qure
756 235 797 251 scire
805 235 852 251 nobis
862 239 894 251 uon
902 235 967 256 expedit,
974 240 996 251 aee

636 260 759 281 praesumptuosi
774 260 873 280 majestatem
884 259 959 276 Altissimi
971 265 997 280 per—

636 285 729 305 scrutend03
738 289 767 301 nec
779 285 801 300 ita
811 284 928 300 subtilitatibus
938 289 955 300 ac
964 284 997 300 dim*

636 310 723 325 cultatibus
732 309 790 330 aliquis
797 311 891 330 occupetur,
899 311 926 325 aut
935 314 997 330 superva-

636 334 671 350 cuis
680 334 796 355 quoestionibue
805 334 905 352 immoretur,
913 335 931 349 ut
940 333 998 354 negligat

636 364 655 375 en
662 364 698 379 qum
707 359 749 374 Deus
759 359 779 374 ab
788 363 808 374 eo
817 358 890 379 requirit,
899 358 969 374 videlieet
976 358 997 374 ob«

636 383 732 399 servantiam
747 385 863 404 praeceptorum
875 385 892 398 et
906 383 998 398 conversatio

636 413 673 424 nem
687 413 719 424 suaa
731 408 810 424 vocationi
822 408 922 428 condignam.
935 408 970 426 lmo,
980 412 998 423 se

637 433 707 449 cundum
722 432 810 448 doctrinam
822 432 899 453 Apostoli,
912 432 973 448 meliora
984 436 1041 448 aena-⁴1».

234 461 262 472 seu
270 457 316 473 aliter
323 462 372 478 quarn
381 459 451 478 oportet;
459 462 506 478 porro
515 456 608 473 assimilatio
617 457 630 473 Β
637 457 714 473 viciniora
721 457 768 473 saluti
778 457 830 478 primo
839 462 858 473 ac
867 457 973 478 principaliter
978 462 998 472 ex-

636 482 719 503 quiramus
733 486 752 497 ac
766 486 856 502 operemur,
870 483 954 502 pensantes
966 481 998 497 illud

637 506 757 522 Ecclesiastici:
765 506 825 524 Altior·
836 508 852 522 te
864 510 884 522 ne
897 506 978 527 quaesieris
986 508 998 521 ei
1009 509 1041 521 Σαι-

636 531 702 547 fortiora
714 532 730 546 te
741 536 761 547 ne
773 532 852 546 scrutatus
864 530 920 549 fueris,
932 531 958 546 sed
970 526 1014 551 qua²

637 555 713 583 praecepit
722 555 751 571 tibi
762 555 810 574 Deus,
818 555 846 571 illa
856 555 908 575 oogiu
918 559 981 575 semper,
987 557 1000 570 et

637 580 653 596 in
661 580 735 601 pluribus
742 579 818 601 operibus
828 580 863 600 ejus
871 584 892 595 ne
901 579 950 595 fueris
958 579 1000 595 curio-

637 609 673 624 sus3
686 609 718 620 non
733 606 757 620 est
771 604 814 620 euim
828 604 858 620 tibi
872 604 976 620 necessarium
986 609 1000 619 ea

637 634 672 650 quaa
685 629 778 645 abscondit-a
793 631 830 645 sunt
842 628 897 645 videre
909 629 958 645 oculis
970 628 999 644 tuis.

657 654 739 672 Praeterea,
747 653 793 674 juxta
804 653 900 669 documenta
912 653 978 674 Apostoli
988 653 1000 668 ia

637 678 711 699 praesenti
722 678 794 699 epistola,
802 678 904 694 ambulemus
915 678 931 693 in
940 677 1000 693 dileetio

637 708 658 719 ne
673 703 752 723 spirituali
767 707 786 718 ac
800 702 848 718 firma
862 702 891 718 Dei
905 704 921 718 et
936 702 1000 723 proximi,

637 727 688 743 Deum
699 727 716 742 in
727 727 802 743 omnibus
813 729 829 743 et
839 732 888 747 super
898 727 951 743 omnia
960 727 1000 742 bone

234 752 274 768 tiam
282 752 372 773 pertinent:
379 752 396 768 in
403 752 462 772 quibus
470 752 532 772 primus
540 752 567 767 ille
574 756 611 772 apo·
619 751 630 767 C
638 754 690 767 rantes
698 754 745 772 atque
752 751 772 767 ab
782 751 857 768 omnibus
867 751 940 768 honorari
950 751 1000 767 cordia·

235 778 275 793 stata
282 776 346 792 Lucifer
353 776 403 792 voluit
411 776 460 792 Deum
469 776 527 792 imitari
535 778 609 797 quantum

235 801 254 817 ad
262 801 324 822 aliqua3
332 801 363 817 filii
373 805 437 822 quoque
446 801 487 821 ejus,
495 801 570 816 videlicet
578 805 611 817 om-

235 831 264 842 nes
273 826 339 847 superbi
348 827 364 841 et
373 825 460 844 ambitiosi,
468 825 524 841 volunt
533 826 583 841 Deum
594 826 610 841 in

236 850 261 866 bis
272 851 363 871 aliqualiter
373 850 437 868 imitari,
446 850 478 866 imo
488 852 505 866 et
514 854 570 866 omnes
582 850 611 866 ini-

236 875 269 896 qui,
281 875 309 896 qui
322 875 379 891 nolunt
390 875 423 890 Deo
434 874 486 893 subdi,
499 874 527 890 sed
538 874 611 890 libertate

236 900 301 920 propria
309 900 341 920 regi
349 901 366 915 et
373 899 478 920 sibimetipsis
485 899 510 915 lex
517 904 558 918 osse,
564 901 612 920 prout

237 924 254 940 iu
264 924 305 940 libro
315 924 437 940 Confessionum
444 924 543 944 Augustinus
552 924 611 939 diffuse

237 948 344 970 prosequitur.
354 948 411 969 Aliqua
423 952 461 964 vero
473 948 570 964 conveniunt
579 948 612 964 Deo

238 973 254 989 in
265 973 324 994 quihus
335 975 407 988 creatum
417 972 498 988 rationalis
511 973 563 993 ipsum
577 973 612 988 imi-

237 998 268 1013 tari
280 999 332 1018 potest
344 1002 362 1013 ae
374 997 427 1015 debet.
438 997 513 1013 videlicet
526 1001 529 1012 :
543 997 611 1016 bonitas,

237 1022 301 1040 veritas,
320 1022 434 1040 misericordia,
451 1022 611 1040 communicabilius,

238 1071 303 1087 modulo
313 1073 367 1087 nostro
376 1071 468 1087 studeamus
479 1071 511 1087 Deo
521 1071 611 1090 assimilari,

238 1098 256 1112 ut
266 1096 282 1112 in
292 1095 369 1112 affectum
379 1096 454 1111 bonitatis
464 1095 555 1111 cordialiter
562 1098 612 1111 trans-

238 1120 327 1136 formemur
340 1123 357 1136 et
371 1125 435 1136 omnem
450 1120 527 1136 maliti-m
543 1120 612 1136 deteste-

238 1150 280 1164 mur,
288 1149 352 1161 veraces
364 1145 381 1160 iu
391 1144 466 1161 omnibus
478 1145 528 1160 simus
539 1147 555 1161 et
564 1149 612 1161 omne

238 1169 339 1185 mendacium
351 1170 430 1188 odiamus,
439 1169 550 1185 misericordes
562 1169 612 1185 simus

238 1197 255 1210 et
261 1194 337 1210 facillime
348 1194 454 1215 ignoscamus,
462 1194 549 1210 liberaliter
559 1199 594 1215 quae
604 1199 613 1209 a

238 1219 271 1235 Deo
280 1219 372 1239 accepimus
382 1218 459 1239 proximis
468 1218 612 1237 communicemus,

238 1248 302 1260 omnem
313 1243 423 1259 crudelitatem
434 1245 450 1259 et
459 1243 541 1259 avaritiam
552 1243 612 1264 fugien-

238 1270 268 1287 tes,
275 1268 315 1288 justi
327 1272 391 1289 quoque
403 1268 479 1283 exsistere
492 1268 588 1287 laboremus,
597 1270 613 1284 et

238 1293 257 1309 ad
265 1293 365 1309 sanctitatem
373 1297 391 1309 ac
399 1292 513 1313 perfectionem
522 1292 612 1313 pertingere

237 1318 313 1334 nitamur.

638 776 699 792 lissime
707 776 794 797 cupientes,
798 776 818 792 de
825 776 860 797 ejus
868 776 982 792 inhonoratione
988 778 1000 792 ei

638 801 698 822 injuria
705 806 723 817 ac
732 803 825 822 contemptu
835 806 898 817 summo
908 801 1000 820 dolentes3e1

638 826 716 847 quidquid
726 826 824 842 offensivum
833 827 857 841 est
867 826 901 844 Dei,
910 826 926 841 id
935 826 976 841 omni
984 826 1001 841 di-

638 851 704 871 ligentia
716 851 810 866 devitemus.
818 850 851 866 lmn
862 850 878 866 in
890 850 933 866 omni
944 855 1001 870 oocupa—

639 875 682 891 tione
692 877 757 891 externa
767 877 837 891 mentem
848 877 917 890 nostram
927 875 947 891 ad
958 875 1001 895 ipsum

638 899 731 920 frequenter
745 900 817 915 levemus
831 899 885 920 aliqua
900 899 968 915 oratione
980 901 1001 915 aut

638 924 738 940 meditatione
746 925 762 939 et
768 924 873 944 adspiratione
881 923 1001 939 aflectumssm

639 949 673 969 ipse
686 948 738 969 primo
750 948 810 968 Regum
822 948 893 964 affirmat
901 953 905 964 :
913 948 1001 969 Quicumque
1010 952 1031 965 ιιι,
1037 941 1045 962 n}

639 973 754 993 glorificaverit
761 977 791 991 me,
796 973 890 993 glorificabo
897 977 943 993 eum;
951 973 976 993 qui
982 977 1002 988 aur
1006 969 1017 978 ³¹·

638 999 671 1013 tem
679 999 784 1015 contemnunt
791 1002 822 1016 me,
830 999 877 1013 erunt
885 997 966 1018 ignobiles.
973 997 1001 1013 rm

639 1022 690 1038 ximos
700 1027 764 1042 quoque
775 1022 862 1040 universos,
871 1022 920 1038 bonos
930 1024 946 1038 et
955 1022 1001 1040 malos,
1011 1027 1042 1037 mv.

237 1047 309 1067 inquitas,
322 1047 402 1065 sanctitas,
415 1046 497 1067 perfectio.
512 1047 529 1062 ln
544 1046 569 1062 bis
583 1051 612 1067 pro
619 1048 632 1064 D
639 1047 699 1062 amicos
711 1048 726 1062 et
737 1047 816 1065 inimicos,
824 1047 934 1063 benefactores
944 1049 960 1063 et
968 1040 1045 1067 injur-‘'⁸¹¹‘'

640 1071 710 1090 riatores,
714 1071 797 1087 sinceriter
805 1071 895 1092 diligamus,
898 1076 928 1092 pro
935 1071 1002 1087 bonorum

639 1096 718 1117 profectu,
732 1101 760 1117 pro
772 1096 850 1112 malornm
862 1096 970 1114 conversione,
980 1100 1002 1116 pm

640 1121 751 1136 universorum
759 1121 810 1136 salute
816 1120 875 1141 jugiter
883 1123 972 1140 nor-ntes}
979 1124 1002 1136 net

640 1145 709 1166 aliquem
722 1145 852 1164 scandalizemus,
860 1145 889 1161 sed
899 1145 952 1161 verbis
961 1150 977 1161 ac
986 1144 1002 1160 ia·
1007 1148 1043 1175 ΙΜ·ιι

640 1170 669 1186 ctis
680 1174 736 1186 011111θὶ
747 1169 826 1186 ffldlfivflffl
837 1174 918 1186 conemur.

659 1194 738 1215 Amplius,
746 1194 822 1215 quoniam
832 1194 857 1210 lex
867 1194 931 1213 Christi,
939 1194 1002 1210 videlicet

640 1218 665 1234 lex
673 1218 769 1239 evangelica,
778 1220 802 1234 est
810 1219 834 1234 lex
843 1219 912 1234 maxime
919 1218 1002 1239 spiritualis¹

640 1243 709 1259 coelestis
721 1245 769 1264 atque
781 1243 856 1264 perfecta,
870 1243 930 1259 idcirco
944 1242 1003 1259 canalia

640 1268 683 1286 vitia,
692 1270 710 1283 ut
719 1268 761 1288 gula,
771 1268 837 1283 avaritia
848 1270 864 1284 et
875 1268 944 1287 luxuria,
952 1266 1003 1284 eunctis

639 1294 677 1308 sunt
684 1292 778 1308 Christianis
786 1292 854 1309 maxime
863 1293 956 1309 detestanda
962 1297 978 1308 ac
984 1291 1003 1307 fu-

639 1317 701 1338 gienda.
710 1317 752 1336 ideo,
760 1317 802 1333 sicut
812 1317 834 1333 ait
844 1317 935 1338 Apostolus,
943 1317 977 1333 uli·
986 1316 1004 1332 vi-
