1079 1569
246 138 320 149 ΜΙΙΒΉΖΑ
331 138 398 150 PASOEAE.
409 142 429 145 —-
439 138 461 149 Al)
471 138 568 154 RELIGIOSQSJ
580 138 629 150 flssfflo
640 138 696 150 surus

829 134 858 150 537

82 180 185 196 moderantior
200 181 302 200 studeamus3
315 182 331 196 et
344 183 388 196 tanto
403 180 526 196 minusAetiva
540 181 629 201 culparum.
644 181 663 196 Et
677 181 705 201 qui
720 181 789 200 incaute,
804 181 858 202 joeose

82 210 111 221 uos
122 205 211 226 repleamus
222 205 238 221 in
248 205 321 226 prandio,
329 207 388 226 quanto
398 204 457 220 certius

82 232 145 245 constat
157 230 200 250 quod
214 235 259 246 eoena
274 232 327 246 restet.
340 230 356 245 ln
371 234 403 250 qua
417 230 456 245 item

82 257 127 270 tanto
136 255 172 275 plus
181 255 231 270 sobrii
241 255 297 273 simus,
306 256 365 275 quanto
375 254 457 275 superflua

82 279 115 295 cibi
124 284 142 295 ae
151 281 198 300 potus
208 279 224 295 in
232 284 277 295 coeua
287 279 373 300 susceptio,
381 281 413 295 tam
424 279 457 295 ani-

82 308 112 319 mm
123 304 204 319 devotioni
215 308 262 324 quam
274 304 345 324 corporis
357 303 420 319 sanitati
431 308 457 319 ve-

81 328 172 344 hementius
183 328 234 347 obest,
247 328 336 349 praesertim
350 328 366 344 in
379 328 456 348 religiosis

83 357 130 369 mane
142 353 229 369 dormitum
241 352 321 369 euntibus.
334 353 351 368 ln
364 352 424 373 quibus
437 357 456 368 ex

81 377 193 398 superfluitate
203 377 296 398 hujusmodi
305 379 402 398 generantur
411 377 456 398 pravi

81 402 163 421 humores,
171 402 221 418 nimia
231 402 324 420 exscreatio,
333 406 394 422 mngnie
401 406 456 422 grave-

81 427 133 445 dines,
149 427 215 443 diversae
230 427 333 443 infirmitates
345 431 350 442 z
365 431 400 447 qum
415 426 456 442 mala

81 453 119 467 sunt
126 451 205 472 oorporis;
210 451 317 467 somnolentia
324 455 392 472 quoque,
395 453 455 471 torpor,

484 205 572 226 leviterque
584 205 668 226 loquendo,
678 205 697 221 ad
708 205 755 224 risus,
765 206 857 224 cachinnos,

484 229 595 245 dissolutiones
602 230 744 251 distractionesque
752 232 826 251 provocat
832 230 859 246 ali-

484 258 507 272 us,
517 253 584 270 'illorum
599 254 618 270 fit
631 255 710 275 particeps
723 254 803 271 vitiorum.
817 255 858 271 Talis

484 283 547 299 quoque
558 283 587 299 per
594 279 632 294 talia
641 279 733 295 hominibus
743 284 816 300 quaerens
826 279 858 300 pla-

484 308 526 322 cere,
533 303 605 319 advertat
616 303 655 319 illud
666 303 753 320 Psalmistae
762 309 766 320 1
774 304 816 320 Deus
827 304 859 320 dis-
872 308 929 321 huon.

484 328 543 348 sipavit
557 332 592 344 ossa
606 332 661 344 eorum
676 328 703 349 qui
719 328 812 344 hominibus
826 329 858 349 pla—

484 354 530 372 cent;
538 353 601 368 confusi
612 355 654 371 sunt,
663 353 739 374 quoniam
747 353 789 369 Deus
797 353 858 374 sprevit

484 381 520 396 eos;
530 379 546 392 et
556 377 598 398 quod
608 377 631 393 ait
637 377 722 398 Apostolus
730 382 734 393 :
742 377 758 393 Si
768 378 821 393 adhuc
830 378 858 393 ho-
872 382 911 393 aaut<
920 386 927 395 ι,

484 401 556 417 minibus
567 401 651 422 placerem,
659 402 717 417 Christi
728 407 784 418 servus
794 407 826 418 non
836 407 859 418 es·
866 399 882 409 ¹⁶*

484 431 522 442 seru.
534 426 574 445 Quid
585 426 605 442 iis
617 426 710 442 horribilius
722 427 754 443 dici
767 428 829 448 potesta
839 427 858 443 Et

484 453 537 466 tamen
549 451 575 466 vix
587 451 617 467 ista
628 451 730 467 attendimus.
740 452 817 467 Volumus
830 456 859 468 nos

81 475 151 496 pigritia,
159 476 235 492 dormitio
243 476 294 496 longo,
302 476 360 491 animm
369 475 454 493 hebetudo,
465 476 477 492 B
484 477 540 491 mutuo
548 475 714 495 loetificaresecreaw,
718 476 820 497 invicemque
828 476 859 497 pln-

81 500 144 519 iuertia,
153 503 169 516 et
177 500 267 521 insipiditas
279 500 343 518 mentis,
351 500 378 516 sed
388 502 404 515 et
414 504 456 515 som-

80 525 107 540 nia
115 525 175 545 gravia,
183 527 231 545 atque
240 525 295 540 illusio
304 527 320 540 et
330 524 419 545 inquinatio
429 524 456 540 ἱΙΙι

80 551 164 567 nocturna,
173 549 260 565 stimulatio
268 549 339 570 corporis
348 554 351 565 :
360 554 395 570 quaa
402 549 456 565 omnia

81 576 119 589 suut
129 574 170 589 mala
179 574 236 590 animae
247 576 311 594 ternpus
321 573 420 590 infructuose
429 575 456 589 aut

82 599 136 614 minus
146 599 207 614 utiliter
213 598 319 619 expendentis
327 600 342 614 et
350 598 419 619 plurimo
429 598 456 614 ho-

81 628 101 638 na
113 623 212 643 negligentis⁴

102 648 179 668 Denique,
193 648 212 663 iis
226 647 289 666 diebus,
303 648 320 663 in
335 647 426 663 recentibus
441 649 457 663 et

81 672 182 688 mollioribus
195 677 214 688 ae
227 672 321 688 lentioribus
335 672 415 688 alimentis
429 677 456 688 ne-

80 701 161 717 quaquam
170 696 254 712 carnaliter
262 696 366 715 delectemur,
371 701 400 712 neo
407 701 427 712 ex
435 698 457 712 ta-

80 721 120 736 lium
129 721 262 742 apprehensione,
267 721 385 742 exspectatione
394 721 418 737 vel
426 726 456 736 usu

80 746 171 761 oblectetur
183 748 210 761 aut
222 746 313 762 consoletur
326 746 380 762 anima
393 748 456 765 nostra3

80 770 108 786 sed
119 770 134 786 in
143 770 218 786 omnibus
228 770 260 786 illis
270 770 322 786 solum
330 775 420 791 quaernmua
430 775 456 786 ne·
464 771 475 787 C
484 770 553 786 ribiliter
566 770 674 786 comminetur
686 775 690 787 z
703 771 729 787 Vm
743 771 771 792 qui
786 771 859 792 cogitatis
866 777 932 790 mamm

484 794 546 810 inutile
557 795 576 810 Et
586 795 652 815 Sapiens
664 795 687 811 ait
697 800 701 811 :
712 795 780 816 Spiritus
792 796 859 812 Sanctus
873 803 925 816 smus<

80 795 171 810 cessitatem
186 797 202 811 et
217 795 348 811 sustentationem
363 797 428 814 naturae,
441 797 457 810 el

79 819 171 835 ordinatam
184 819 316 835 refocillationem
328 820 384 840 ipsius.
396 820 413 835 ln
425 820 457 835 col-

80 844 190 859 locutionibus
203 848 240 860 vero
253 849 290 859 cum
303 844 362 860 nostris
374 844 457 860 confratri>

80 869 112 884 bus
125 868 159 884 sive
171 869 250 884 extraneis
262 869 348 884 continuus
361 869 407 885 nobis
419 868 457 884 insit

79 893 129 909 timor
139 893 200 909 judicis
211 893 276 911 summi,
285 895 301 909 et
311 898 366 909 eurem
378 893 413 909 coeli
424 898 457 909 orn-

79 917 108 933 nia
117 917 214 935 audientem,
222 922 241 933 ac
252 919 322 933 mentem
331 917 409 933 Altissirni
419 922 457 933 cuu-

79 943 106 957 eta
114 941 226 962 inspicientem
234 946 252 957 ac
259 942 457 962 jffliuntemsogitemus

79 971 116 982 esse
127 968 221 987 praesentem
230 971 249 982 ae
258 966 305 982 nobis
315 966 423 982 indesinenter
434 966 456 982 in-

79 993 141 1006 tentam
150 995 154 1006 :
163 991 218 1011 sicque
229 991 280 1011 ipsius
291 991 395 1007 formidantes
406 991 456 1007 offen-

78 1020 115 1031 sam
125 1017 141 1031 et
151 1015 234 1036 cupientes
245 1015 281 1035 ejus
292 1015 374 1034 honorem,
382 1020 414 1031 non
425 1016 456 1031 nisi

79 1039 132 1058 utilia,
145 1039 221 1058 salubria,
233 1040 336 1056 aedificatoria
351 1040 456 1061 proferamus,

484 505 525 518 cere,
538 502 554 516 et
569 500 681 516 contristamus
696 501 770 521 spiritum
785 503 858 517 sanetum

484 524 518 542 Dei,
531 524 603 540 laedimus
618 529 647 541 nos
662 525 705 545 ipsos
718 530 737 541 ac
751 525 796 544 elios,
809 527 857 546 atque

484 549 545 565 eoelesti
555 549 607 565 «ludici
618 549 727 570 displicemus.

504 574 571 594 Insuper
580 574 597 589 in
607 578 663 590 somno
673 579 704 590 nou
715 574 794 590 carnalem
804 579 859 596 repau-

484 598 568 617 sationem,
581 599 608 614 sed
623 599 729 614 necessarium
741 599 800 615 virium
814 604 858 615 recu-

484 623 583 643 perationem
590 623 610 638 ad
617 623 645 639 Dei
653 623 730 639 honorem
738 628 836 644 qum-amus
843 626 859 640 et

484 647 500 663 in
515 647 575 663 sanctis
590 647 720 663 meditationibus
733 648 858 667 obdormiamus,

484 672 610 693 evigilantesque
624 676 651 688 eor
666 673 719 688 statim
733 673 753 689 ud
769 673 858 689 Creatorem

484 696 561 714 levemus.
569 697 629 712 orando
636 699 663 712 aut
671 697 766 713 meditando.
774 697 806 713 Nec
813 698 859 714 venis

484 721 606 741 cogitationibus
618 726 679 737 moram
690 722 707 738 in
719 722 772 738 anima
783 722 859 738 eoncede-

485 750 526 764 mus,
535 750 585 766 quum
595 750 624 766 per
633 746 727 766 Propi-etam
736 746 778 762 Deus
786 748 819 762 tom
830 749 859 762 ter—
889 755 894 760 -

483 819 545 834 auferet
555 824 572 835 sc
581 824 590 835 a
599 819 722 840 cogitationibus
732 825 767 841 quie
777 822 815 836 sunt
824 821 859 836 sine

484 843 571 859 intellectu.
579 844 596 859 ln
605 844 694 860 Proverbiis
703 849 767 865 quoque
775 850 779 861 :
788 845 821 865 Ego
828 845 859 865 (in-
872 851 932 863 emam,

484 868 525 889 quit)
533 868 614 889 Sapientia
624 868 679 884 habito
690 869 706 884 in
716 869 788 888 oonsilio,
797 871 813 885 et
823 875 858 885 eru-
867 869 883 879 ¹²*

484 893 521 908 ditis
529 892 607 908 intersum
615 893 801 914 eogitationspusfflngna
809 894 859 910 homi-

484 917 509 933 nis
516 919 541 933 est
548 917 577 933 ista
585 917 670 936 calamitas,
674 918 775 938 potissimum
784 919 858 939 religiosi,

484 942 526 962 quod
544 946 576 957 non
592 942 661 963 amplius
678 942 766 958 delectatur
783 943 826 964 loqui
843 946 859 959 et

484 966 559 987 occupari
568 971 605 982 cum
613 967 650 985 Deo,
658 967 723 986 orando,
731 967 819 988 psallendo,
828 973 860 984 rne-

484 991 554 1009 ditando,
569 991 697 1012 contemplando,
712 992 796 1011 studendo,
811 997 859 1013 quain

484 1020 521 1031 cum
535 1015 633 1031 hominibus.
646 1016 759 1032 Verumtamen
772 1017 820 1033 certis
833 1017 860 1033 ho-

484 1040 529 1058 rulis,
538 1040 612 1056 humanm
619 1040 701 1061 fragilitati
709 1041 792 1057 honestam
800 1046 818 1057 ac
827 1046 859 1057 mo-

79 1064 187 1085 inquiramus,
196 1066 223 1080 aut
232 1064 300 1080 libenter
308 1064 356 1080 etiam
366 1064 455 1083 audiamus,
464 1064 476 1080 D
484 1065 555 1080 demum
564 1065 679 1081 recreationem
687 1070 722 1081 esse
730 1066 818 1086 negandam
827 1071 859 1082 non

79 1089 150 1104 scientes
161 1089 203 1109 quod
213 1089 255 1104 sicut
265 1094 292 1105 vas
302 1094 334 1105 non
344 1091 417 1110 oportum
428 1089 457 1105 im-

80 1113 135 1134 pletur
151 1113 250 1134 pulveribus,
266 1114 289 1129 sic
305 1118 350 1129 mens
364 1118 381 1130 os
396 1114 456 1130 habens

79 1140 155 1158 apertum
163 1140 179 1154 et
186 1138 310 1159 *duoquendum
319 1138 455 1156 inconsideratum.

80 1162 153 1183 repletur
160 1162 235 1183 peccatis.
243 1163 275 1178 Nee
283 1165 335 1183 potest
343 1163 421 1184 proficere
429 1163 457 1184 qni

39 1197 45 1204 1
68 1187 153 1208 ,linguam
165 1192 197 1203 nou
210 1189 255 1203 curat
266 1188 359 1208 reprimere.
373 1188 390 1204 ln
403 1188 456 1204 multi-

80 1212 136 1232 loquio
148 1216 217 1232 namque
229 1214 313 1232 peceatum
325 1217 357 1228 non
369 1212 422 1232 deest3
435 1214 456 1231 et,

68 1249 72 1254 ,
80 1236 127 1252 Sicut
134 1236 172 1252 urbs
179 1238 235 1257 palens
242 1238 258 1252 et
265 1236 326 1257 absque
334 1241 416 1253 murorum
423 1242 456 1253 am-

80 1261 123 1279 bitu,
133 1261 156 1277 sic
167 1261 192 1277 vir
203 1261 230 1281 qui
243 1265 275 1277 non
287 1263 339 1282 potest
350 1261 366 1277 iu
378 1261 457 1282 loquendo

80 1285 157 1301 eohibere
170 1285 245 1306 spiritum
260 1291 312 1301 suum.
325 1286 402 1302 Praeterea
416 1286 457 1302 inor-

80 1310 135 1326 din-ata
146 1310 206 1326 locutio
217 1315 249 1326 non
260 1310 312 1326 solum
323 1310 338 1326 in
348 1315 365 1326 se
375 1311 410 1331 ipsa
420 1316 456 1331 pec-

80 1337 135 1351 catum
147 1336 176 1353 est,
187 1335 215 1350 sed
226 1337 242 1350 et
252 1335 351 1351 diversarum
364 1337 388 1351 est
400 1336 457 1356 produ-

484 1094 538 1105 assero
542 1094 547 1109 ,ι
557 1089 585 1105 sed
595 1094 624 1110 per
634 1090 711 1110 integram
722 1090 782 1109 horam,
790 1093 818 1107 aut
827 1096 860 1107 am-

485 1114 532 1134 plius,
545 1114 630 1130 inutilibus
644 1114 800 1131 confabulationibus
813 1120 859 1132 occu-

485 1139 518 1159 pari
527 1141 543 1154 et
550 1139 637 1157 immorari,
646 1139 711 1155 omnino
722 1140 802 1161 culpabile
811 1142 835 1156 est
844 1143 860 1157 et

485 1163 596 1184 vituperabile,
609 1164 655 1179 valde
669 1164 785 1183 distractivum,
798 1165 860 1186 infrigi-

485 1188 556 1203 dativum
564 1188 669 1209 laesivumque
676 1189 736 1205 animm,
741 1189 784 1208 Quod
792 1190 858 1211 quinon

485 1212 538 1231 sentit,
551 1212 571 1228 ad
584 1212 663 1229 iuternem
678 1214 814 1233 exercitationem,
828 1215 859 1236 spi-

484 1237 558 1253 ritualem
566 1242 644 1258 saporem,
653 1238 723 1254 caritatis
731 1238 810 1255 fervorem
820 1244 858 1255 non-

484 1262 523 1277 dum
533 1262 602 1278 devenit.

504 1287 585 1306 Praetereo,
594 1292 637 1303 nuuc
646 1287 716 1303 breviter
723 1290 747 1304 est
755 1289 857 1309 tangendum,

484 1316 533 1332 quare
546 1312 562 1327 in
575 1311 600 1327 die
615 1311 645 1327 ista
657 1314 673 1327 et
685 1314 757 1333 ternpore
771 1318 816 1329 sacro
827 1314 858 1329 hoc

484 1336 563 1352 exsultare
578 1336 664 1352 debeamus
676 1339 692 1352 et
703 1337 793 1357 jucundari.
806 1338 858 1354 Primo
