1079 1569
273 129 348 141 ΜΙΙΠΙΕΔ
358 129 481 141 ΜΔΕ-ΕΗΒ.
491 133 513 136 -
521 128 572 141 imo
582 128 651 143 Quantus

820 122 851 140 m

77 171 98 187 ibi
110 171 160 192 digito
172 172 200 188 Dei
213 172 268 188 decem
280 174 365 193 precepta,
377 177 413 192 quae
425 172 449 187 fu·
457 172 469 188 Α
477 172 525 193 cepit,
536 172 558 188 ita
570 174 586 187 ut
599 174 623 188 est
635 172 672 188 dare
682 173 743 187 eertum
756 170 850 187 determina-

77 198 122 211 erunt
130 197 225 218 principalia
233 197 273 217 legis
280 197 324 213 illius
332 199 416 218 praeeepta.
422 197 450 213 De-

78 221 112 236 inde
122 221 183 242 Moyses
193 222 258 242 scripsit
268 222 295 237 illa
304 222 360 237 decem
372 224 450 242 praeeepta

77 248 92 261 et
98 246 129 261 alia
137 246 187 262 multa
195 246 211 262 iu
219 247 253 262 suis
261 246 332 262 libris.ln
340 247 396 262 eodem
403 247 450 262 etiam

77 273 129 286 monte
140 271 183 286 Sinai
194 271 236 287 Deus
246 271 321 287 sublimis
331 273 346 287 et
356 271 450 287 benedictus

78 295 126 311 multa
140 297 201 311 secreta
215 295 292 311 revelavit
304 298 358 311 saneto
370 296 418 316 Moysi
431 296 450 311 de

78 319 132 335 mundi
143 320 228 338 emtione,
236 320 256 336 de
264 320 337 341 paradiso
346 320 422 338 terrestri,
430 320 450 336 de

78 344 165 364 primorum
175 344 275 361 institutione
284 349 302 360 ae
312 349 349 361 casu
359 347 449 365 parentum,

78 369 96 384 de
106 369 219 389 propagatione
229 371 245 385 et
255 369 318 385 actibus
330 369 420 388 hominum,
430 369 450 385 de

78 393 138 409 diluvio
148 394 224 414 generali,
235 394 321 415 multisque
332 394 368 410 aliis
378 399 414 415 quse
425 399 451 409 na-

77 418 124 433 turali
134 418 194 434 ratione
204 418 242 434 seiri
252 423 283 434 non
293 421 365 439 poterant
374 423 378 434 :
386 423 451 439 praeeer-

78 442 104 458 tim
113 442 133 458 de
141 442 166 458 his
173 448 209 463 quas
216 443 321 459 lsneliticurn
329 443 407 464 populum
415 448 451 459 eon-

477 199 543 217 tumque
554 199 618 217 tempus
630 201 662 217 quo
674 196 744 212 ruundus
753 195 821 212 duravit.
832 195 851 211 Et

477 222 500 237 sie
513 221 583 237 mundus
594 226 603 237 a
616 222 648 237 Doo
658 223 720 237 creatus
731 223 755 236 est
765 220 850 241 sapienter,

477 248 493 262 et
505 246 555 262 libere
568 251 586 262 ae
598 246 692 264 voluntarie,
704 246 742 261 dum
755 247 772 261 et
783 245 825 261 sieut
836 244 851 260 ei

477 271 574 291 complacuit
585 275 588 286 :
599 271 637 291 quia
647 273 664 286 ut
674 270 695 286 ait
707 270 797 291 Apostolus,
810 269 851 285 Deus
869 274 924 288 xpm...

477 295 531 311 omnia
543 297 618 316 operatur
628 295 716 311 secundum
728 294 813 311 consilium
824 298 851 309 vo-
859 291 876 301 ⁴¹·

478 320 543 336 luntatis
556 325 594 336 suaa.
606 320 684 340 Propheta
695 324 759 340 quoque
771 321 850 335 testatur:

478 344 535 360 Omnia
546 349 651 365 quincumque
660 344 711 360 voluit
721 344 803 362 Dominus,
813 343 852 359 feeit
862 348 926 362 mmm.

478 369 495 385 iu
505 369 546 385 ctelo
556 371 572 385 et
581 370 597 385 in
607 371 653 385 terra,
662 369 736 385 Salomon
744 369 791 384 etiarn
800 368 852 384 fassus
859 365 870 375 ι’·

478 397 502 410 est
513 399 516 410 :
528 394 604 410 Dominus
615 394 693 415 sapientia
703 393 776 409 fundavit
787 395 851 411 terram,
872 397 926 410 mmm.

478 419 556 435 subinvit
567 419 615 435 cauus
626 419 715 439 pandentia.
860 414 876 424 ''-

502 443 562 459 Deinde
576 443 636 464 Moyses
651 443 727 459 describit
741 442 809 463 qualiter
824 447 853 463 per

77 467 168 486 cernebant,
176 468 214 488 quia
222 472 241 484 ex
251 468 279 483 illo
289 468 349 489 populo
359 468 450 488 unigenitus
460 468 471 484 Β
479 468 562 483 intervalla
571 472 599 483 sex
606 467 669 483 dierum
678 467 719 483 saeta
727 469 742 483 et
750 467 824 483 distincta
834 471 852 482 ae

77 492 103 507 Dei
117 492 166 507 Filius
178 492 257 508 incarnari
268 492 320 513 elegit.
332 492 397 513 Propter
408 492 450 513 quod

77 516 153 537 populum
167 517 213 532 illum
226 517 288 537 magnis
299 522 318 533 ae
330 517 378 533 variis
391 517 451 533 benefi—

78 541 111 559 eiis,
120 541 180 562 gratiis,
186 541 273 557 virtutihus
280 544 328 562 atque
335 541 417 557 miraculis
424 542 451 558 de-

77 566 136 581 coravit
146 570 197 586 usque
205 566 225 581 ad
233 566 290 582 Christi
300 566 392 582 adventurn.
401 566 450 585 Quem

77 590 152 611 quoniam
168 595 197 611 pro
211 591 268 611 majori
284 593 327 612 parte
342 595 374 607 non
389 596 452 612 recepe

77 617 119 634 runt,
129 615 211 636 reprobari
223 618 240 631 et
251 615 320 636 relinqui
331 620 340 631 a
352 616 390 634 Deo,
400 616 451 631 omni-

76 644 107 660 que
114 640 174 655 virtute
184 642 200 655 et
209 640 265 660 gratia,
273 642 315 656 terre
324 640 394 661 propria,
402 645 451 661 regno

76 666 91 680 et
100 664 188 680 sacerdotio
198 666 292 680 meruerunt
299 665 364 685 privari
372 665 409 683 Quae
419 669 452 680 om-

77 689 102 704 nia
115 689 131 704 in
146 693 168 707 se,
181 689 207 705 vel
219 689 236 704 in
251 689 299 705 rebus
311 689 451 705 excellentioribus

77 718 104 734 per
114 713 142 729 illa
150 713 221 733 signatis,
230 713 250 729 ad
257 713 362 729 christianum
373 714 451 734 populum

76 740 113 753 sunt
123 737 204 753 translata.

478 494 533 508 ornata
545 493 577 508 sint
590 492 644 511 mixta,
655 492 677 511 ita
686 492 729 513 quod
741 492 789 507 horno
802 492 853 507 tactus
867 495 926 507 aenam.

478 519 502 533 est
514 519 559 533 sexto
569 517 600 533 die,
610 515 710 532 Hac‘tamen
722 517 785 532 dierum
797 516 853 532 distin-

479 542 510 558 ctio
521 541 584 557 duobus
595 541 646 557 modis
656 541 742 562 exponitur
750 546 754 557 z
762 541 805 562 quod
815 541 853 562 quia

478 566 498 582 ad
505 566 610 582 subtilitatem
619 566 725 586 pertinet,nec
733 565 814 581 communi
823 565 854 586 ple-

479 591 495 607 bi
508 591 549 607 seire
561 591 669 607 necessarium
682 593 712 609 est,
725 591 793 606 dimitto.
806 591 854 606 Sexto

479 620 516 636 ergo
526 616 553 631 die
564 615 615 631 sactus
626 618 650 631 est
661 615 714 633 homo,
724 615 740 631 id
750 617 775 631 est
785 615 815 633 vir,
824 615 854 630 sci-

479 640 516 656 lieet
523 640 572 656 Adam
579 644 583 655 :
591 640 618 660 qui
627 644 658 656 non
667 642 691 655 est
698 639 749 655 iaetus
757 639 773 655 in
781 639 854 660 paradiso

479 664 556 683 terrestri,
569 664 597 680 sed
609 664 625 680 in
638 668 676 684 agro
688 664 789 682 Damascene.
802 664 817 679 id
829 665 854 680 est

479 689 495 705 in
506 693 544 709 agro
555 689 582 710 qui
595 691 619 705 est
629 693 678 709 prope
689 689 790 707 Damascum,
798 693 854 704 seeun-

479 714 517 729 dum
529 714 606 730 doctores.
615 714 635 729 Et
644 714 664 729 de
674 718 712 734 agro
724 713 752 729 illo
764 713 801 729 tulit
812 713 853 729 Deus
866 718 927 731 [οι-ΑΛ..Δ

479 738 561 754 hominem
574 738 650 759 primum,
661 738 723 754 scilieet
733 738 788 756 Adam,
799 740 815 754 et
828 742 854 759 po-

96 762 174 783 Deinceps
185 762 252 783 Moyses,
263 763 295 778 Deo
305 763 373 783 jubente
384 768 403 778 ae
416 763 451 779 illu·
460 764 471 780 C
479 763 511 779 suit
522 767 560 778 eum
573 763 589 778 in
601 762 680 784 paradiso,
691 763 718 783 qui
730 764 755 778 est
766 762 854 783 pulcherri-

76 789 141 805 strante,
152 787 202 803 edidit
212 787 283 808 quinque
295 787 350 806 libros,
362 788 389 808 qui
402 788 451 804 simul

76 811 223 832 sumpti,vonantur
230 812 346 828 Pentateuehus
354 812 416 833 Moysis.
422 812 452 828 Pri-

77 841 145 856 musque
157 836 198 852 liber
208 836 273 852 Genesis
283 836 378 857 appellatur,
387 837 424 857 quia
435 838 452 853 in

76 865 94 876 eo
107 861 127 876 sit
140 860 200 876 mentio
212 861 231 876 de
244 861 300 876 mundi
313 861 422 882 productione,
432 862 452 877 de

76 885 160 901 bominum
168 885 273 905 generatione,
277 890 357 906 cursuque
365 886 419 902 saeculi
428 891 452 902 us-

76 914 107 930 que
116 909 137 925 ad
148 909 210 925 obitum
220 910 278 930 Ioseph
288 910 319 926 filii
328 910 376 926 Jaeob
388 911 452 931 patriar-

75 934 114 950 chae.
124 934 207 950 Secundus
218 934 259 950 liber
269 934 327 955 Moysis
338 937 403 950 vocatur
413 935 452 951 Exo-

75 958 130 977 dus,iu
139 963 171 979 quo
179 961 255 974 tractatur
261 959 281 975 de
288 959 372 975 eductione
380 959 452 975 filiorum

75 983 124 999 lsrael
134 988 153 999 ex
165 984 232 1004 AEgypto
240 988 244 999 t
253 984 295 1000 unde
307 984 326 1000 de
338 984 404 1000 materia
415 984 451 1000 libri

76 1008 120 1024 illius
129 1013 147 1023 ae
154 1008 222 1024 aliorum
233 1008 311 1024 librorum
322 1009 387 1025 intendo
395 1009 411 1024 in
420 1014 452 1025 ser-

76 1032 152 1048 monibus
162 1033 264 1053 sequentium
272 1033 388 1049 dominicarum
398 1033 452 1054 aliqua

76 1057 147 1073 breviter
156 1062 175 1073 ae
185 1057 281 1078 simpliciter
290 1060 359 1078 tangere*

96 1082 152 1103 ltaque
160 1082 229 1103 primum
238 1082 297 1098 librum
305 1087 352 1098 suum
360 1083 420 1104 Moyses
428 1083 451 1099 sie

41 1115 54 1123 ,t
76 1106 139 1127 incepit
149 1112 152 1123 z
164 1112 172 1121 xx
180 1107 197 1122 ln
210 1107 290 1128 principio
301 1107 361 1123 creavit
369 1108 410 1123 Deua
420 1112 451 1124 eoe*

76 1131 110 1147 lum
122 1133 138 1147 et
149 1133 207 1147 terram
216 1137 230 1149 n,
239 1132 268 1147 hoe
276 1134 305 1150 est,
313 1132 329 1148 in
339 1132 404 1148 exordio
413 1134 452 1148 tem-

75 1156 125 1177 poris,
133 1158 149 1171 et
158 1156 206 1172 simul
214 1161 251 1172 cum
259 1158 336 1177 tempore,
344 1159 360 1172 et
367 1159 403 1173 ante
411 1157 451 1177 alia;

75 1181 106 1199 vel.
118 1186 128 1195 α
136 1180 151 1196 in
161 1181 240 1201 principio
248 1187 263 1199 »,
271 1181 309 1202 quia
319 1182 360 1197 Deus
368 1182 413 1198 Pater
423 1187 451 1203 per

74 1205 135 1221 Filium
145 1205 205 1221 creavit
214 1206 296 1226 superiora
306 1208 321 1222 et
331 1206 411 1224 inferiora.
420 1211 451 1222 οω-

75 1229 122 1245 lestia
132 1232 148 1245 et
157 1230 244 1248 terrestria,
252 1230 340 1246 invisibilia
349 1232 365 1246 et
375 1231 449 1247 visibilia.

74 1254 128 1275 Atque
137 1259 165 1275 per
174 1254 207 1270 have
218 1254 267 1270 verbs
278 1255 346 1271 exclusit
357 1255 417 1276 Moyses
428 1261 451 1271 er-

75 1283 129 1295 rorem
142 1279 206 1294 illorum
219 1279 246 1300 qui
256 1279 331 1295 dixerunt
342 1280 420 1296 mundum
431 1281 451 1296 ab

75 1305 137 1319 oeterno
145 1303 193 1319 luisse
200 1308 203 1319 :
210 1304 252 1324 quod
260 1304 317 1319 salsum
326 1307 359 1324 est,
367 1305 394 1320 sed
403 1305 451 1321 simul

76 1333 113 1344 cum
123 1330 195 1349 tempore
206 1329 275 1344 mundus
284 1334 313 1349 per
321 1329 418 1345 emtionem
428 1330 452 1346 in-

480 792 516 803 mus
523 789 539 803 et
547 787 678 803 delioiosissimus
686 787 785 806 locus,valde
791 787 855 808 amplus

479 814 496 828 et
503 817 575 832 magnus,
583 816 602 828 ae
612 812 681 828 maxime
691 814 790 833 temperatus
798 816 802 828 ε
811 812 855 828 locus

480 841 549 857 namque
560 836 608 852 debet
618 836 734 857 proportionari
747 837 802 853 locuto⁴
813 837 855 853 Deus

479 863 533 877 autem
546 866 578 877 non
590 861 650 877 creavit
661 861 732 882 primurn
744 861 826 877 hominem
839 862 855 877 in

480 886 518 901 solis
528 885 637 905 naturalibus3
646 886 673 901 sed
681 886 730 902 etiam
739 886 793 907 aliqua
801 891 855 907 super-

480 911 558 926 naturalia
569 913 616 931 atque
627 911 695 931 gratuita
705 911 747 926 dona
756 911 824 927 contulit
834 911 854 929 ei,

480 935 555 951 videlieet
566 935 659 955 originalem
671 935 756 955 justitiam,
768 940 796 956 per
806 940 855 956 quam

479 964 538 980 eorpus
553 959 600 980 primi
615 959 685 975 hominis
697 960 728 975 l'uit
740 960 806 976 omnino
817 960 854 976 sub-

479 984 540 1005 jeetum
551 986 567 1000 et
577 984 653 1000 obediens
663 985 721 1000 animm
732 989 770 1003 sum,
779 987 795 1000 et
805 985 854 1001 sensi-

479 1009 512 1025 tiva
524 1014 560 1030 pars
573 1009 635 1027 rationi,
646 1014 665 1025 ae
677 1009 717 1025 ratio
729 1009 766 1025 Deo.
779 1009 854 1030 {lanaque

479 1034 573 1054 originalem
581 1034 659 1054 justitium
667 1034 757 1050 concreavit
764 1036 780 1050 et
788 1034 855 1050 eontulit

460 1060 472 1076 D
480 1059 521 1074 Deus
533 1059 586 1079 primo
595 1059 662 1077 homini,
671 1061 688 1074 ut
699 1061 799 1079 permaneret
808 1059 825 1075 in
836 1064 855 1075 eo

480 1083 557 1104 quamdiu
565 1083 599 1104 ipse
607 1085 678 1099 maneret
685 1083 761 1099 obediens
769 1084 806 1100 Deo.
815 1084 834 1100 Et
841 1085 855 1100 si

480 1108 512 1124 Deo
527 1108 604 1124 obediens
620 1110 727 1129 permaneret,
742 1109 786 1124 nulla
802 1113 854 1129 poem,

480 1133 524 1148 nulla
535 1133 605 1151 miseria,
613 1132 657 1148 nulla
669 1138 711 1149 mors
724 1133 777 1149 locum
790 1134 855 1150 liaberet

480 1157 496 1173 in
507 1157 548 1178 ipso.
558 1159 606 1178 atque
616 1157 631 1173 in
643 1162 680 1173 suos
693 1160 764 1178 posteros
775 1158 855 1179 justitiam

479 1182 523 1198 illam
531 1182 672 1201 1ranslunderet‚ei
681 1182 715 1203 ipse
722 1187 752 1198 suo
759 1188 807 1199 eursu
815 1188 856 1200 com-

479 1207 527 1228 pleto,
535 1207 596 1228 absque
605 1211 652 1228 poena
660 1209 675 1223 et
684 1209 734 1223 morte
742 1208 855 1224 transferretur

478 1232 498 1248 ad
513 1232 604 1253 paradisum
618 1232 705 1251 coelestem,
719 1232 749 1248 hoe
761 1234 786 1248 est
797 1233 817 1248 ad
830 1238 854 1249 re-

478 1261 527 1277 gnum
538 1256 621 1275 eoelorum,
629 1256 648 1272 ad
658 1257 717 1272 coelum
728 1262 828 1278 empyreum.
837 1258 852 1273 id

478 1284 502 1297 est
514 1281 572 1297 eoelum
586 1281 656 1301 igneum,
668 1285 700 1297 non
712 1286 721 1297 a
733 1282 791 1300 calore,
804 1282 831 1298 sed
843 1287 852 1298 a

478 1306 562 1326 splendore
572 1306 595 1321 sie
606 1308 725 1326 nuncupatum;
734 1307 747 1322 si
756 1308 810 1322 autern
820 1307 852 1327 pri-

479 1335 514 1346 mus
525 1330 573 1346 homo
582 1332 661 1351 peccaret,
669 1330 763 1352 originalem
773 1331 851 1352 justitiam
