1079 1569
37 346 48 354 ar
53 344 74 355 ns.

203 122 277 134 ΜΙΪΜΕΔ
287 122 293 134 Ι
303 121 431 136 otram-acum.
441 126 461 129 —
471 121 492 133 ΔΩ
502 121 600 137 fflifflflffl}
610 121 660 133 mlo
670 121 734 136 Qumwa

825 116 855 133 ³9³

80 165 124 181 ximo
133 166 201 181 earnalis
211 165 303 184 consolatio,
311 165 351 184 ludi,
358 165 405 184 risus,
412 165 453 186 joca,
461 165 474 181 Δ
481 165 535 185 genti·
545 165 587 181 istud
594 165 681 181 virtuosius
690 169 809 183 consumamus,
816 164 855 185 quid

81 190 173 211 loquacitas,
186 190 276 209 dissolutio,
288 190 375 208 eontentio,
388 189 454 205 carnali-

80 217 110 233 us,
118 214 247 236 intemperantia,
255 217 293 230 sunt
299 214 369 233 vitanda,
378 216 396 230 ut
404 214 454 230 simus

80 239 156 258 timorati,
169 239 252 258 fructuosi,
265 239 364 260 exemplares
377 239 393 254 in
405 239 455 254 ninni-

81 264 116 282 bus.
124 264 214 285 vigilesque
225 264 241 280 in
252 264 316 280 divinis.

105 288 146 304 Hinc
161 289 177 304 in
193 289 275 309 presentis
289 288 374 304 dominica
388 288 455 309 epistola

80 313 192 334 multiplieiter
201 318 220 329 ae
229 313 333 329 saluberrime
343 317 372 329 nos
383 313 455 328 hortatur

80 338 164 359 Apostolus
173 343 177 354 :
185 338 243 359 primo,
251 342 272 353 ne
283 338 311 354 Dei
322 337 389 358 gratiam
401 337 417 353 in
428 342 454 353 va-

80 367 128 378 cuum
139 362 241 383 recipiamus.
250 362 303 379 Gratia
315 362 348 381 Dei,
356 364 421 378 extense
432 362 454 378 lo-

80 387 149 408 quondo,
157 389 223 403 vocatur
229 391 277 403 omne
284 387 344 403 donum
352 386 398 403 nobis
405 391 414 402 a
422 387 454 402 Deo

79 412 105 432 pie
117 412 214 433 impensum,
223 416 255 433 quo
264 412 283 427 ad
294 411 399 427 obtinendum
410 413 454 427 eter-

79 441 116 452 nam
124 436 239 452 beatitudinem
247 436 347 457 adjuvamur.
356 436 409 452 Gratia
416 440 454 457 ergo

481 190 514 205 Deo
523 189 633 210 promisimus,
641 189 680 210 quid
690 190 724 210 ipse
731 194 740 205 a
749 189 795 205 nobis
805 189 856 210 requi-

482 216 509 232 ret,
515 214 583 230 sollicite
591 214 723 235 contemplemur.
729 214 856 230 Reminisctmur

481 239 611 259 quemadmodum
617 238 715 254 damonibus
720 243 803 254 ascensum
809 238 823 254 S
827 238 856 254 An-

481 264 521 279 tonii
534 264 550 279 in
563 264 621 280 coelum
637 263 715 284 impedire
727 263 827 281 conantibus,
839 265 855 279 et

481 289 556 304 eumdem
566 289 586 304 de
595 288 647 309 culpis
657 288 691 304 suis
701 289 718 304 in
727 288 786 304 saeculo
795 290 856 304 eontra-

482 313 511 329 etis
521 313 639 331 accusantibus,
647 313 697 329 sancti
708 313 760 333 angeli
771 313 855 334 responde-

481 340 524 356 runt,
532 342 564 353 non
575 338 602 353 illa
610 337 668 353 debere
677 338 746 353 Antonio
755 337 804 358 objici
814 337 856 353 mula

481 367 517 383 qum
527 362 595 378 incurrit
604 362 620 378 in
630 362 693 381 seculo,
702 364 718 378 et
727 367 756 378 sua
765 362 856 378 emendavit

481 389 529 408 atque
537 387 596 403 delevit
603 387 712 406 conversione,
720 387 747 403 sed
756 387 769 402 si
776 391 812 407 quae
820 389 856 407 post

481 411 602 427 conversionem
612 411 674 432 egisset.
683 411 706 427 Ex
714 416 746 432 quo
756 413 799 432 patet
807 416 855 432 quam

481 441 529 456 grave
544 438 560 452 et
574 436 681 452 erubescibile
696 436 717 451 sit
732 440 785 452 coram
799 436 855 452 Iudice

78 461 106 477 Dei
118 463 148 479 est,
160 461 204 482 quod
217 461 263 477 nobis
276 461 374 481 negligenter
386 460 453 476 viventi·
462 461 550 479 Bsummo,
563 461 610 476 etiam
623 462 659 481 post
671 460 753 481 religionis
765 460 854 481 ingressum

79 485 113 503 bus
122 485 163 501 male
170 485 254 506 agentibus
261 487 276 501 et
285 485 350 506 ingratis
357 485 418 501 tamdiu
426 490 453 506 pe-

79 510 135 531 percit,
143 512 191 531 atque
201 510 221 526 ad
232 512 305 526 sanctum
317 510 392 526 Ordinem
404 510 453 525 istum

79 539 107 550 nus
119 535 175 555 traxit3
186 535 228 555 quod
240 539 291 555 usque
300 535 319 550 ad
330 535 373 550 diem
385 539 453 555 prasen-

78 561 111 575 tem
122 564 151 575 nos
161 559 200 575 fecit
210 560 270 578 venire.
278 561 294 575 et
304 564 346 575 nune
356 559 376 575 ad
388 559 453 575 meliora

78 589 96 600 ae
103 584 181 600 viciniora
188 584 236 600 saluti
244 584 318 604 dignatur
325 588 354 600 nos
361 584 452 599 admouere.

79 609 100 624 De
112 609 143 624 boc
154 609 177 624 sic
187 609 210 624 ait
221 608 299 624 Eusebius
312 608 396 624 Emisenos
407 613 410 624 τ
421 608 453 624 Sei-

78 638 114 649 mus
124 633 203 654 spirituali
214 635 271 649 nostre
282 633 343 649 militis
352 637 426 653 magnam
436 633 453 648 in

78 658 133 674 futuro
142 663 177 674 esse
186 658 341 678 remunerationem
351 658 379 673 sed
388 658 401 673 si
411 657 453 673 beno

77 683 180 701 attendimus,
196 683 243 698 etiam
258 683 275 698 in
290 682 364 703 prasenti
379 687 452 703 magnum

77 707 140 728 prmrnii
150 709 212 728 partem
221 707 314 728 accipimus⁴
322 707 378 723 Nonne
386 711 453 727 maguus

78 732 114 748 vitu
127 732 189 748 fructus
202 734 231 751 est,
244 732 322 748 mundum
334 731 424 752 reliquisse,
437 733 453 747 et

481 485 580 506 negligenter
595 485 774 506 reprehensibiliterque
789 485 853 501 vixisse.

500 510 543 528 Ideo,
554 510 600 530 juxta
614 510 701 531 apostolica
715 510 815 528 documenta,
828 514 854 526 ne—

481 534 521 550 mini
533 535 589 550 demus
604 534 653 550 ullam
667 534 780 553 offensionem,
792 536 810 550 ut
822 538 927 552 nouimus-,m

480 560 580 580 vituperetur
592 559 699 575 ministerium
712 561 790 578 nostrum,
803 559 818 575 id
830 561 855 575 est

480 584 576 605 obsequium
586 588 618 604 qno
629 584 660 600 Deo
670 584 762 600 servimus:
771 588 802 599 non
812 584 854 604 quod

480 608 520 624 illud
534 608 621 624 debeamus
634 608 675 624 velle
688 608 748 624 laudari
760 613 789 629 pro
801 610 855 624 nostro

480 633 564 649 wmmodo
574 633 599 649 vel
611 633 676 651 bonore,
687 633 715 649 sod
726 637 755 654 pro
765 633 815 653 gloria
827 632 854 649 Dei

480 657 618 678 mdiiicationeque
629 657 703 678 proximi.
714 657 758 676 Quod
768 657 782 673 si
793 658 855 678 vitupe-

480 682 531 698 rabile
538 682 592 700 fuerit,
600 682 741 698 sundalizativum
749 684 773 698 est
780 682 853 698 aliorum.

480 706 551 722 Ostendit
558 709 611 722 antem
619 711 661 722 unus
668 706 718 722 alium
726 706 816 727 dupliciter.
823 707 854 722 Pri-

480 735 512 749 mo,
521 731 596 751 injurium
604 731 674 751 aliquam
684 729 768 751 irrogaiido
775 731 792 747 in
799 731 853 750 verbo,

77 757 160 773 saecularia
167 757 282 777 contempsisse
289 761 307 772 ae
315 756 348 772 Deo
355 756 415 772 servire
422 761 453 772 coe-
462 757 473 773 G
480 756 526 776 signo
537 758 565 771 aut
576 755 623 771 iactu.
636 755 679 774 Quod
694 756 722 776 qui
735 756 778 774 facit,
790 756 854 772 veniam

77 781 199 802 pisse,evasisse
206 780 282 796 vitiorum
290 780 420 796 infelicissimum
427 780 453 796 dn-

77 805 163 824 minatum,
176 805 253 826 effugisse
267 805 309 826 gula
323 807 370 826 utque
385 805 452 821 luxurio

78 830 183 846 toedissimnm
191 830 295 846 servitutemt
305 830 360 846 Nonne
368 834 404 850 pars
413 834 452 850 prae-

77 855 105 871 mii
118 856 147 873 est,
155 855 196 870 nihil
206 854 239 875 jam
250 854 309 871 habero
320 859 405 870 commune
415 859 452 870 cum

76 879 142 898 sne-ilo,
150 884 227 895 vanarum
236 884 290 895 rerum
297 879 412 901 cupiditatibus
420 883 452 895 non

75 904 154 925 torqueri,
164 903 252 920 sceleribus
264 908 296 919 non
308 903 378 922 misceri,
389 905 452 924 tempus

76 929 158 944 fructuose
166 928 348 949 transigere,virtutibus
355 932 420 949 operam
428 928 453 944 da-

77 958 99 971 re,
114 953 163 969 beate
176 953 274 974 paupertatis
288 952 403 968 sufficientiam
415 957 452 968 eum

76 977 134 993 timore
146 977 209 993 Domini
222 977 317 998 possideret
329 977 452 993 Consideremus

76 1004 154 1023 quantum
165 1001 212 1018 nobis
221 1002 298 1018 Dominus
308 1002 335 1022 pis
345 1002 375 1017 ista
384 1002 452 1017 vocatio-

76 1031 96 1042 ne
106 1026 179 1045 contulit,
191 1031 201 1042 a
211 1026 276 1047 quantis
288 1031 317 1042 nos
331 1026 391 1047 eripuit
402 1026 450 1042 vitiis.

480 783 534 802 petere
542 780 625 801 obligatur.
630 780 811 799 Secundn,oecasionem
819 785 854 802 pee-

480 805 526 821 oandi
537 805 552 821 ei
564 805 657 826 praestando.
665 805 754 824 Quocnntra
764 805 804 821 dicit
812 805 853 826 Apo-

480 830 530 846 stolus
538 834 542 846 :
550 829 573 845 Ne
580 830 642 851 ponatis
649 829 694 845 {ratri
702 830 818 846 offendiculum
825 832 853 846 aut

480 854 580 874 seandalum;
586 854 619 870 noli
626 854 692 875 perdere
699 859 737 870 eum
745 859 774 875 pro
780 859 813 875 quo
820 860 854 871 eru-

480 879 538 895 eiiixus
550 881 574 895 est
585 879 634 895 Filius
645 879 678 895 Dei.
689 879 715 895 Sic
725 879 775 895 alium
786 879 854 895 offendit

480 903 508 924 qui
520 903 535 919 ei
547 908 588 919 vane
600 903 686 922 blanditur,
697 905 725 919 aut
736 908 773 919 eum
786 903 854 920 inaniter

480 928 538 947 laudat,
551 930 579 944 aut
591 928 648 948 quovis
663 928 711 944 modo
725 928 854 949 inoxemplariter

480 952 528 968 babet
535 957 552 968 se
559 957 612 968 coram
620 952 668 968 inmo
675 957 724 973 quam
731 953 855 973 graviter,qnsm

479 977 593 993 damnabiliter
603 977 653 993 Deum
664 977 769 998 hominesque
780 977 853 996 offendit,

479 1002 507 1022 qui
518 1001 595 1022 proximis
603 1001 637 1017 suis
644 1002 693 1017 verbs
702 1002 802 1020 detractoris,
811 1002 854 1023 pacis

479 1028 496 1042 et.
502 1026 591 1042 concordiae
599 1026 694 1047 corruptiva,
704 1028 773 1042 mentem
782 1027 855 1043 inlicien-

75 1051 137 1067 ldcireo
147 1051 167 1067 de
178 1051 228 1072 grstia
241 1051 270 1067 ista
282 1051 314 1067 Deo
325 1051 411 1071 condignas
423 1055 452 1072 pro
460 1051 472 1067 D
480 1051 592 1072 tiapungitiva
600 1053 615 1066 et
623 1051 725 1072 provocativa
732 1051 807 1067 instillatl
814 1052 854 1068 Non-

76 1080 123 1097 posse
137 1076 196 1096 gratias
211 1076 322 1096 rependamus.
337 1076 451 1091 Verumtamen

75 1100 95 1116 de
107 1100 158 1121 gratia
170 1100 201 1116 ista
212 1100 235 1116 sio
248 1100 352 1120 regratiemur
363 1104 382 1115 ac
394 1100 451 1120 glorie-

76 1129 113 1140 mur
127 1125 143 1140 in
156 1125 229 1143 Domino.
243 1126 260 1140 ut
272 1124 413 1140 vehementissime
425 1125 451 1140 du-

76 1150 137 1165 leamua
147 1149 190 1170 quod
200 1149 248 1165 etiam
260 1151 295 1170 post
305 1149 353 1169 hujus
364 1149 451 1165 vocationis

75 1174 165 1192 exordium,
176 1176 213 1194 post
222 1173 326 1194 professionis
336 1176 394 1189 nostrie
405 1174 451 1189 emis-

75 1198 144 1217 sionem,
158 1200 191 1214 tam
206 1198 304 1219 negligentes
318 1198 415 1217 exstitimus,
428 1200 451 1214 tot

75 1223 119 1239 bona
127 1223 218 1241 omisimus,
226 1224 249 1238 tot
259 1223 301 1238 mala
311 1222 427 1241 commisimus,
435 1225 451 1239 et

75 1250 140 1268 tempus
153 1247 195 1263 istud
208 1248 223 1263 in
236 1252 268 1268 quo
279 1247 347 1263 aliorum
360 1249 450 1268 temporum

74 1272 194 1293 deperditiones
209 1276 303 1292 recuperare
315 1272 406 1290 debuimus,
419 1276 450 1288 non

76 1296 128 1317 magis
139 1296 227 1315 fructuose,
238 1301 278 1317 pure
290 1301 308 1312 ac
320 1296 381 1313 lei-vide
393 1301 451 1318 expen-

75 1322 138 1342 dimus;
150 1323 197 1343 atque
209 1322 229 1337 de
241 1323 294 1337 cetero
309 1322 352 1337 omni
364 1326 402 1338 cum
415 1322 451 1338 dili-

479 1080 499 1091 ne
507 1080 586 1091 venenum
594 1075 617 1091 eis
625 1076 697 1096 propinat
704 1076 854 1097 mortiferum,quud

479 1105 522 1116 nunc
532 1102 599 1116 mortem
611 1100 669 1121 ingerit
678 1101 735 1121 culpae,
743 1101 801 1117 deiude
813 1106 853 1117 mor-

479 1127 511 1141 tem
526 1125 609 1141 infernalis
622 1125 704 1141 miseri-ei
716 1125 761 1141 Tales
776 1128 813 1141 sunt
825 1126 853 1146 qni

479 1154 528 1170 quum
544 1154 600 1170 parum
612 1149 676 1168 offensi,
689 1152 717 1165 ant
728 1152 771 1166 certe
782 1150 825 1170 juste
837 1153 853 1166 et

478 1203 510 1214 non
524 1199 577 1214 solum
591 1203 628 1214 mox
640 1199 761 1218 oonturbautur,
774 1200 801 1215 sed
816 1200 852 1216 aliis

478 1228 542 1244 quoque
552 1223 644 1244 passionum
655 1226 671 1240 et
680 1224 818 1245 querimoniarum
828 1229 852 1240 su·

478 1253 523 1264 nrum
538 1248 587 1264 verbs
603 1249 764 1265 inconsideratissime
779 1250 851 1265 insusur-

478 1275 518 1291 rant,
527 1277 559 1289 non
567 1273 647 1289 intuentes
655 1275 732 1294 quantum
743 1273 773 1289 sibi
784 1274 823 1294 ipsis
833 1279 851 1289 nc

477 1297 580 1314 audientibus
594 1300 666 1314 noceant>
679 1298 740 1314 Talium
752 1298 851 1314 familiaritas

478 1325 503 1338 est
519 1323 581 1341 nociva,
597 1322 684 1343 prasertim
702 1323 769 1339 novellis
786 1323 849 1344 plantis.

866 834 898 845 um.
905 838 926 847 m.

861 851 877 863 u,
883 851 899 861 is.
