1079 1569
159 282 194 293 aar.
200 285 218 294 nx.

154 331 188 342 lm
191 334 219 344 uu,

224 108 245 124 ³⁰
374 114 448 126 mullum
459 114 464 126 1
475 114 560 126 ΛΝΙΙΠΠΒ.
570 118 591 121 -·
600 114 622 126 ΑΙ)
631 114 729 130 ”alcmeon
740 114 789 126 smu
800 115 857 127 smus

225 155 261 175 ejus
276 155 302 171 cui
315 156 401 174 servimus,
413 156 489 172 videlicet
500 156 528 172 Dei
541 156 602 174 aeterni,
610 156 623 172 A
631 156 669 176 quio
676 158 740 177 praestat
747 156 831 177 proemium
839 156 1010 177 sempiternum,iuel'-

225 180 273 200 cujus
280 180 358 202 majestasv
363 182 379 196 et
386 181 442 201 gloria,
448 181 522 201 dignitas,
528 181 603 196 sanctitas

225 206 241 219 et
248 204 344 220 excellentia
351 207 376 221 est
386 205 450 226 penitus
458 205 522 221 infinita
530 209 534 221 ε
543 205 603 221 idcirco

225 233 262 244 cum
273 234 336 245 summa
347 231 363 245 et
374 230 495 250 incomparabili
508 230 602 248 reverentia,

225 253 308 273 diligentia
321 256 337 269 ct
351 254 415 270 fervore
429 254 532 270 serviendum
545 256 570 270 est
581 254 601 270 ei.

225 278 270 293 Unde
277 278 296 293 ad
306 278 381 294 Hebraeos
390 279 450 294 dicitur
458 283 462 294 z
471 279 563 294 Sei-viamus
570 279 603 294 Deo

225 307 263 318 cum
273 305 317 318 metu
327 305 343 319 et
353 303 447 319 reverentia.
456 303 473 319 ln
483 303 530 319 Josue
538 308 603 324 quoque

226 327 267 343 libro
279 327 347 343 babetur
355 332 359 343 z
367 328 430 344 Timete
441 328 533 346 Dominum,
543 330 559 343 et
570 332 602 343 ser-

225 352 258 367 vite
272 352 287 368 ei
302 352 349 368 wrde
364 352 436 373 perlecto
450 355 499 373 atque
511 352 601 368 verissimo.

225 376 258 392 Hoc
268 379 293 392 est
305 377 347 397 quod
360 377 413 397 primo
424 377 556 398 Paralipomenon
568 382 603 393 san-

204 414 207 417 <
225 403 261 417 ctus
268 401 317 417 David
326 401 397 422 loquitur
404 401 485 417 Salomoni
494 406 497 417 :
506 402 534 420 Tu,
541 401 565 417 {ili
574 402 602 420 mi,

166 425 184 432 '¹'
203 430 205 432 ·
224 426 265 442 teila)
277 426 328 442 Deum
340 426 391 447 patris
402 426 431 445 tui,
444 428 460 442 et
472 426 514 442 servi
527 426 543 442 ei
555 426 602 442 corde

630 180 700 196 labiliter
708 185 783 201 magnum
791 186 809 197 ac
816 181 863 202 plane
872 181 1009 199 contentativurn,

631 207 685 226 utpote
697 205 722 221 sui
736 206 786 226 ipsius
800 206 891 222 beatificam
907 205 1009 224 fruitionem,

630 230 688 246 claram
699 235 717 246 ao
728 230 911 251 superjucundissimam
922 231 1009 246 visionem.

630 254 686 272 Tertio,
690 259 709 270 ex
717 257 761 275 parte
768 255 869 275 obligationis
877 255 977 276 multiplicis
981 255 1010 271 Tot

630 279 690 294 etenim
700 279 747 298 bona,
755 281 778 295 tot
788 279 829 295 dona
838 284 857 295 ae
867 279 949 295 beneficia
958 284 967 295 a
976 280 1011 295 Deo

630 304 736 324 suscepimus,
745 304 787 324 quod
797 304 812 320 ei
822 309 859 320 curn
869 304 914 320 omni
924 304 1011 325 diligentie

630 330 646 344 et
653 333 707 344 amore
714 328 775 344 servire
785 331 859 345 tenemur
868 333 871 344 :
879 329 940 350 alioqui
950 329 1010 349 ingrati

630 353 707 373 omnique
717 352 764 369 bruto
775 353 836 369 erimus
846 353 917 369 viliores.

650 377 710 393 Horum
721 377 774 398 itaquo
785 378 891 394 consideratio
902 383 932 394 nos
944 378 1009 394 innam-

631 403 669 420 met,
677 402 699 418 ita
709 404 726 417 ut
734 402 750 418 in
760 403 804 418 omni
814 403 858 418 cultu
869 407 888 418 ac
898 407 947 423 opere
955 403 1009 418 Omni-

631 427 700 447 potentis
709 427 760 442 simus
770 432 834 448 semper
840 427 907 446 alacres,
916 427 1008 448 diligentes,

224 450 296 471 perlecto
306 453 322 466 et
331 451 386 467 animo
393 451 488 467 voluntario.
496 451 549 467 Honor
560 456 603 467 uam-
612 451 624 467 B
631 451 693 471 providi
708 456 727 466 ac
741 451 827 470 ferventes,
839 454 856 467 et
868 452 920 472 ipsam
935 452 1009 468 acediam

224 480 256 496 que
268 477 285 491 et
296 476 386 491 reverentia
399 475 478 496 majestati
491 480 509 491 ac
522 475 602 491 sanctitati

215 500 308 516 ,debenturl

242 524 316 540 Secundo
323 525 366 540 istud
374 529 441 546 pensare
448 525 525 540 debemus
531 529 550 540 ex
558 527 602 545 parte

225 549 280 565 nostri.
290 549 309 565 Et
316 549 374 570 primo,
383 554 402 565 ex
410 551 454 570 parte
463 549 530 570 periculi
539 549 588 565 nostri
597 553 601 565 2

224 574 263 594 quia
273 574 289 589 in
301 574 354 590 medio
365 574 458 595 laqueorum
468 576 485 590 et
495 574 602 590 invisibilium

225 598 296 614 bostium
313 603 332 614 ac
349 598 499 614 crudelissimorum
516 598 602 617 latronum,

225 627 257 638 non
265 623 370 644 temporalem
378 623 406 639 sed
413 623 504 639 aeternalem
511 623 557 639 nobis
565 628 604 639 moi*

224 649 258 663 tem
269 647 344 668 infligam
352 648 458 668 cupientium,
467 647 579 667 ambulamus3
587 650 603 663 et

225 672 282 688 incerti
294 677 350 688 sumus
362 677 383 688 an
396 673 428 688 Deo
441 672 528 693 placemus,
540 672 603 693 potissi-

225 702 270 713 mum
282 702 302 713 an
312 697 383 713 finaliter
393 697 484 713 evademus.
493 697 533 712 Hinc
543 697 558 713 S.
567 697 604 713 Gre-

224 722 278 742 gorius
290 726 294 737 :
304 722 368 742 Maligni
379 722 447 742 (iuquit)
457 721 524 742 spiritus
534 722 565 737 iter
575 726 603 737 no-

631 475 771 492 vehementissime
779 476 857 492 odiamus.
866 476 888 492 De
895 481 928 497 qua
937 476 1010 497 loquitur

631 500 715 516 Cassianus
724 505 727 516 :
736 500 787 519 Quum
798 501 852 516 acedia
862 501 973 517 miserabilem
981 501 1010 517 ob-

631 525 690 540 sederit
700 527 776 544 mentem,
787 525 869 541 horrorem
882 525 919 544 loci,
930 526 975 542 cellae
988 526 1010 542 l'a-

631 549 702 568 stidium,
710 549 782 565 Fratrum
792 554 856 570 quoqne
866 550 894 570 qui
905 554 942 566 cum
953 554 973 566 eo
983 550 1009 566 vel

630 574 694 589 eminus
704 576 829 593 commorantur,
839 576 916 595 tanquam
927 574 1009 595 neglige-n-

631 598 672 614 tium
686 603 705 614 ae
720 598 774 614 minus
788 599 903 619 spiritualium,
916 599 958 619 parit
970 604 1008 615 con-

630 625 709 643 temptum
715 627 719 642 ;
726 625 774 643 atque
781 623 801 638 ad
808 628 856 639 omne
864 628 905 644 opus
913 623 956 644 quod
966 623 1009 639 intra

630 649 675 667 septa
685 647 710 663 sui
723 647 793 663 cubiculi
805 649 829 663 est
840 647 912 663 desidem
925 648 981 663 statuit
992 650 1009 663 et

631 671 704 690 inertem,
713 676 743 687 nec
753 676 790 687 eum
802 672 818 687 in
828 672 868 688 cella
879 672 940 688 desinit
949 672 1009 688 reside

631 701 653 714 re,
662 701 692 711 nec
703 696 767 712 lectioni
780 701 845 717 operam
858 697 901 712 dare.
913 697 979 715 lterum,
991 699 1009 712 ut

631 720 715 736 Cassianus
722 725 740 736 ac
748 721 827 736 Climacus
835 723 950 741 protestantur,
958 721 1009 742 pestis

224 748 275 762 strum
288 746 334 767 quasi
345 746 410 767 quidam
424 746 510 762 latrunculi
523 746 601 761 obsident.
612 747 623 763 G
631 744 664 760 hasc
672 744 711 760 facit
718 745 810 767 religiosum
820 745 870 761 alium
880 745 934 761 locum
944 747 1010 766 appete-

225 771 307 787 Faciamus
322 775 360 791 ergo
374 770 417 791 quod
432 770 494 786 iaciunt
507 772 603 786 mercatores

224 800 254 817 per
265 800 341 816 eampum
355 795 428 811 hostibus
442 795 563 816 latronibusque
575 795 603 811 ob-

223 824 287 835 sessum
297 822 387 840 pergentes.
396 819 421 836 llli
429 820 489 840 qnippe
499 822 546 835 caute
555 822 571 835 et
579 824 603 835 ce-

224 844 279 860 leriter
290 844 422 865 proficiscuntur,
429 849 479 865 seque
489 844 576 860 observant
587 846 603 860 et

224 869 298 885 timorate
306 869 388 888 incedunt,
396 873 446 889 seque
454 871 511 884 mutuo
519 869 603 885 eoborun-

223 896 256 913 tur,
264 896 312 914 atque
323 893 342 909 ad
354 893 465 909 reluctandum
477 898 495 909 se
507 895 602 914 praeparant.

224 918 247 934 lta
254 920 270 934 et
278 922 306 934 nos
314 922 343 939 per
350 918 387 934 vit-s
395 917 444 938 hujus
452 918 527 933 exsilium
535 918 604 933 circum-

224 944 279 964 specte
288 947 307 958 ac
315 942 392 958 velociter
401 947 430 958 seu
440 942 521 958 ferventer
529 947 604 963 propere-

225 972 262 983 mus
273 968 293 983 ad
305 967 380 988 patriam,
391 969 407 983 et
417 967 487 983 invicem
500 967 604 983 exhortemur

225 997 255 1008 nos
265 992 308 1013 ipsos
318 992 337 1007 ad
345 991 418 1010 meliora,
426 991 446 1007 ad
456 991 558 1007 renitendum
568 996 604 1012 pec-

225 1017 271 1036 catis,
279 1017 299 1032 ad
312 1016 431 1037 praevalendum
444 1016 550 1034 daemonibns,
558 1016 604 1036 juxta

226 1072 255 1088 per
267 1066 339 1086 singulos
349 1066 390 1084 dies,
398 1067 416 1081 ut
427 1070 459 1081 non
469 1065 557 1081 obduretur
567 1065 604 1086 quis

225 1097 245 1108 ex
256 1091 302 1107 vobis
313 1091 377 1107 fallacia
389 1090 455 1111 peccati.
464 1090 527 1106 Orando
539 1095 603 1111 quoque

226 1121 255 1138 pm
266 1116 336 1132 invicem
347 1117 363 1131 et
373 1115 443 1131 virtuosa
453 1114 539 1136 praehendo
551 1119 603 1130 exem-

154 1147 218 1161 Pwum..
226 1142 257 1162 pla,
265 1141 341 1162 juvemus
352 1145 381 1156 nos
391 1142 447 1155 mutuo
456 1144 459 1155 z
469 1144 505 1155 nam
517 1139 566 1155 irater
575 1139 603 1160 qui

225 1166 311 1187 adjuvatur
322 1170 332 1181 a
343 1165 397 1183 fratre,
409 1164 455 1185 quasi
466 1164 523 1180 civitas
536 1164 602 1179 munita.

225 1191 304 1209 Secundo,
312 1195 332 1206 ex
342 1191 387 1210 parte
399 1189 460 1210 proemii
471 1188 518 1204 nobis
529 1188 603 1209 promissi

156 1222 218 1235 ιιι-πως
225 1221 243 1232 ac
254 1215 339 1237 praeparati
348 1219 352 1230 z
360 1214 399 1235 quia
409 1219 439 1229 nec
451 1213 508 1229 oculus
520 1213 566 1231 vidit,
574 1218 604 1229 neo

151 1237 218 1250 ¹⁰⁰¹·“·’'
225 1241 269 1256 auris
281 1240 348 1258 audivit,
359 1243 389 1255 nec
401 1239 417 1254 in
430 1243 458 1254 cor
468 1238 539 1254 bominis
549 1242 604 1253 ascen-

225 1266 284 1281 derunt
293 1269 329 1285 quoe
341 1263 436 1285 preparavit
447 1263 489 1279 Deus
499 1262 603 1283 diligentibus

225 1295 249 1309 se,
259 1289 288 1311 qni
295 1289 327 1305 sibi
337 1290 411 1309 prompte
420 1292 439 1303 ac
449 1289 542 1303 reverenter
551 1287 603 1303 deser-

226 1315 272 1331 viunt
280 1318 284 1330 2
293 1313 353 1335 quibus
361 1318 390 1334 pro
399 1313 444 1329 brevi
455 1312 551 1332 modicoque
559 1311 604 1327 obse-

631 773 653 787 re,
666 769 688 785 ita
703 771 720 785 ut
732 769 774 785 dicat
786 774 803 785 so
816 769 832 785 in
847 769 882 785 loeo
893 774 927 790 quo
938 772 964 786 est
976 774 1009 786 non

632 798 678 814 posse
690 794 774 814 proficere.
785 794 827 810 Parit
838 799 903 815 quoque
915 795 971 810 acedia
981 795 1008 810 de-

631 818 708 834 siderium
721 818 816 834 visitationis
827 821 940 835 extraneorum
951 824 970 835 ac
981 819 1009 835 bo-

630 843 696 863 spitum,
705 847 742 858 cum
752 843 811 864 quibus
822 843 838 859 in
848 843 1008 860 confabulationibus

630 869 647 883 et
662 867 800 888 repansationibus
817 868 927 888 corporalibus
942 870 1008 889 tempus

630 892 683 907 taliter
693 892 762 912 qualiter
772 892 876 913 expendatur.

650 917 717 937 Insuper
726 916 810 937 religiosus
820 922 885 937 surgere
893 917 942 933 debet
949 922 959 933 a
966 922 1009 934 som-

631 945 652 957 no
662 943 728 960 natnrae,
738 945 795 957 somno
804 941 879 957 videlieet
888 942 974 962 corporali,
988 947 1009 958 ne

631 968 675 981 extra
687 967 703 981 et
714 966 756 981 ultra
767 967 831 986 tempus
842 966 859 981 in
868 966 926 982 ordine
936 971 966 982 auo
979 969 1009 982 sta<

631 992 684 1006 tutum
694 990 787 1006 dormitioni
799 990 886 1011 indulgeat,
895 991 927 1007 nisi
939 992 1009 1007 necessi-

631 1017 663 1030 tate
678 1017 747 1035 cogatur.
762 1015 863 1031 Potissimum
878 1016 898 1031 ad
913 1016 1009 1032 matutinale

151 1047 219 1060 emmas
226 1042 266 1059 illud
277 1041 349 1062 Apostoli
360 1045 364 1056 :
374 1040 485 1057 Adbortamini
497 1041 603 1061 vosmetipsos
611 1042 624 1057 D
631 1039 707 1055 Officium
722 1039 795 1055 alacriter
809 1041 834 1055 est
848 1040 947 1060 surgendum
962 1041 1009 1061 signo

631 1064 691 1082 audito,
699 1064 745 1084 signo
756 1064 811 1085 utique
822 1064 869 1085 Regis
880 1065 940 1085 magui,
948 1066 1009 1086 princi-

631 1089 657 1110 pis
671 1089 736 1107 summi,
749 1089 776 1104 Dei
791 1089 870 1105 altissimi*
884 1089 918 1105 Non
931 1092 956 1106 est
969 1092 1009 1106 tunc

632 1113 694 1129 modice
704 1113 826 1134 repausandum,
834 1114 931 1134 torpendum
941 1116 969 1130 aut
978 1115 1009 1130 dil'-

631 1138 721 1156 l'erendum,
730 1143 750 1153 ue
759 1138 795 1159 quis
806 1138 822 1154 in
832 1139 956 1155 somnolentiam
967 1139 1009 1155 rela-

632 1163 687 1182 batur;
697 1163 725 1178 sed
735 1163 815 1183 principio
822 1163 891 1184 torporis
898 1166 962 1184 oportet
970 1164 1009 1180 resi-

631 1189 673 1203 stere
685 1192 734 1208 seque
745 1187 764 1203 de
778 1187 836 1203 lectulo
847 1188 913 1204 indilate
926 1191 1007 1204 excutere.

632 1212 718 1228 Erubescat
734 1212 783 1227 miser
798 1217 816 1228 ae
832 1212 877 1233 piger
891 1215 931 1228 tuuc
947 1213 964 1229 in
980 1213 1008 1229 Dei

632 1236 721 1257 praesentia,
731 1236 746 1252 in
757 1236 809 1257 angeli
820 1237 844 1252 sui
856 1239 943 1258 conspectu
955 1242 973 1253 se
984 1243 1009 1253 re-

631 1261 691 1277 clinare
706 1263 722 1276 et
736 1265 792 1276 somno
806 1266 868 1280 vacare,
882 1262 938 1277 acedia
954 1262 1008 1281 obrui,

632 1285 696 1307 pigritia
708 1285 785 1306 superari,
797 1285 835 1301 dum
848 1286 873 1301 sui
885 1286 975 1303 confratres
987 1287 1008 1303 ad

632 1310 660 1326 Dei
671 1312 769 1330 consurgunt
778 1310 862 1331 proeconia,
873 1312 889 1326 et
901 1315 958 1327 manus
970 1317 1007 1328 suaa
