1079 1569
23 912 26 923 1
30 913 52 923 tar.
57 914 81 925 na.

22 1035 80 1061 samm,
87 1032 141 1053 phetae
158 1031 226 1047 dicentis
241 1035 245 1047 ε

300 126 375 139 ΜΙῙΜΒΑ
385 126 401 138 W
411 126 495 138 ADVWVS.
506 131 527 134 —
537 126 587 138 §mu
596 126 659 138 mus

839 121 868 139 ¹01

90 170 159 186 alioruin
166 170 208 186 bona
217 170 253 186 sine
262 170 323 186 invidia
333 170 390 186 laudat.
399 170 466 186 Sanctus
473 169 487 185 Δ
494 171 541 190 prout
547 169 600 186 omnia
607 170 626 186 de
634 170 673 191 ipsis
680 169 777 190 egredientia
784 172 869 191 protestan-

90 199 129 210 vero
138 195 227 211 Bernardus
236 199 239 211 ι
248 195 332 211 Πιιηιίϋιιε
341 195 408 215 (inquit)
415 194 466 210 virtus

90 222 115 235 est
121 224 154 240 qua
163 220 211 235 homo
218 220 302 235 verissima
311 220 336 235 sui
346 220 437 240 cognitione
445 219 466 235 si>

90 244 106 260 hi
115 244 145 265 ipsi
153 244 220 260 vilescit.
229 245 281 263 Porro,
287 244 375 260 secundum
383 244 465 264 nugonem

90 269 109 285 de
117 269 132 285 S.
140 269 209 288 Victore,
215 269 298 285 humilitas
305 271 330 284 est
336 273 355 284 ex
363 268 421 284 intuitu
430 273 465 289 pro-

90 294 128 315 prin
138 294 234 310 conditionis
244 293 269 309 vel
280 293 369 309 Conditoris
376 292 465 309 voluntaria

90 318 149 334 mentis
158 318 245 334 inclinatio.
254 318 307 334 Potest
317 322 381 338 quoque
391 317 414 333 sic
425 317 465 333 defi-

89 343 121 359 niri
132 348 136 359 τ
146 343 230 359 Humilitas
242 345 266 358 est
278 343 329 358 virtus
341 347 350 358 a
360 342 392 358 Deo
405 342 463 360 infusa,

90 373 121 389 qua
131 368 243 384 intellectualis
253 370 325 383 creatura
335 372 354 383 ex
363 366 465 383 considerati>

89 397 119 409 oue
127 393 195 414 propri-e
203 392 327 408 defectuositatis
334 394 362 408 aut
369 391 426 408 divinas
434 396 465 407 ma-

88 417 155 438 jestatis,
161 422 215 433 coram
222 417 255 433 Deo
261 417 349 433 affectuose
358 421 375 432 se
382 416 463 437 deprimit,

88 447 149 463 auoque
159 442 225 458 creatori
233 446 250 458 se
258 443 350 458 reverenter
356 446 374 457 ae
385 441 464 462 profunde

494 195 528 210 turi
532 194 587 210 Nonne
595 199 614 210 ex
621 195 650 210 vili
658 196 674 210 et
681 194 724 215 turpi
732 194 798 210 materia
805 197 869 215 sumpta

494 221 536 238 sunt,
545 221 561 235 et
568 219 616 240 paulo
624 222 659 240 post
667 220 683 235 in
694 219 830 235 immundissimas
841 224 869 240 pu-

493 244 563 260 tredines
571 244 675 263 resolventur,
679 246 695 260 et
702 244 827 260 innumerabiles
834 249 869 260 ver>

493 273 528 284 mes
540 271 625 284 nascentur
635 273 655 285 ex
665 269 689 285 eis
700 269 815 289 corrodentque
827 269 867 289 ipsa,

492 293 537 313 juxta
550 293 589 309 illud
602 294 715 312 Ecclesiastici,
726 294 778 312 Quum
791 294 868 310 morietur
875 298 941 312 acet-'ant

493 318 546 336 homo,
555 318 650 334 hereditabit
660 320 747 339 serpentes,
756 321 772 334 et
780 318 844 337 bestias,
852 320 868 334 et

492 344 567 358 vei-mesi
578 343 601 359 Ex
613 343 642 358 hac
654 343 781 359 consideratione
792 343 815 358 ait
827 343 868 359 Scri-

493 369 539 388 ptura
550 372 554 383 :
565 367 605 386 Quid
616 367 688 388 superbit
699 369 740 383 terra
750 370 766 383 et
777 367 829 383 cinisl
838 368 867 384 De·
881 372 925 384 niara.

492 392 542 413 nique
553 394 702 413 quantumcumque
715 392 751 413 quis
766 392 833 413 pulcher
844 393 867 408 vi-

492 417 548 432 deatur
556 421 574 432 ac
582 417 640 432 decens
649 419 697 437 atque
704 417 783 436 amabilis,
792 419 845 433 tamen
853 417 867 433 si

492 441 565 462 superior
572 441 673 457 abstrahatur
680 441 760 462 pellicula,
769 446 822 457 nonne
831 442 867 458 hor-

88 467 180 483 substernit.
189 466 274 482 Humilitas
282 466 331 487 igitur
338 471 375 482 vera
382 468 398 482 et
405 466 463 484 infusa,
473 466 485 481 B
492 470 518 481 ror
526 466 557 481 erit
564 468 580 481 et
587 471 646 481 nausea
653 466 731 487 quidquid
739 466 769 482 sub
780 466 821 487 pelle
830 466 868 482 latet

88 492 107 507 de
118 496 150 512 qua
161 496 204 507 nunc
215 495 273 509 sermo,
281 496 291 507 a
300 491 334 506 solo
343 491 376 506 Deo
386 492 463 511 quantum

88 516 107 532 ad
117 516 202 532 essentiam
213 520 258 531 auam
269 520 298 536 per
305 515 401 531 creationem
412 515 464 530 infun-

88 541 137 559 ditur,
146 541 168 556 ita
175 540 217 561 quod
225 540 267 556 Deus
277 542 301 556 est
311 544 358 555 causa
366 540 417 560 ipsius
424 539 463 555 effe-

88 565 135 581 ctiva.

108 590 139 606 Sed
149 594 192 605 nuuc
203 594 270 610 pensare
281 591 348 610 oportet,
356 588 425 610 qualiter
436 588 463 609 qui

88 614 168 635 superbus
179 614 236 633 estad
247 613 354 629 humilitatem
366 613 417 634 possit
429 618 464 634 per-

88 639 159 659 tingere;
167 638 236 659 qualiter
245 638 293 654 etiam
304 638 319 654 in
330 637 420 653 humilitate
430 642 465 658 pro-

88 663 138 679 ficere
145 663 226 679 valeamus
236 667 254 678 ac
264 662 327 683 perfici.
335 662 410 681 Quamvis
420 661 463 677 enim

88 688 139 704 virtus
147 687 242 703 humilitatis
249 692 259 702 a
266 687 299 703 Deo
307 686 405 705 infundatur,
413 688 465 707 potest

88 714 142 728 tamen
150 716 167 727 ae
175 712 228 730 homo,
235 711 267 727 imo
274 713 291 727 et
297 711 350 730 debet,
357 711 376 727 ad
385 711 465 727 humilita-

87 737 107 752 tis
116 736 215 752 inlusionem
224 736 315 756 disponere,
324 737 371 756 atque
379 735 395 751 in
403 740 422 751 ea
431 735 463 756 jam

491 490 585 511 adspicerel
597 491 614 506 ln
629 490 683 506 anima
694 495 732 506 vero
746 495 802 506 sumus
817 491 868 507 multo

492 515 581 535 majoribus
595 515 638 535 pleni
653 515 747 534 defectibus,
761 515 868 532 immunditiis

491 542 507 555 et
517 539 598 555 aerumnis.
607 540 624 555 ln
634 540 689 556 ordine
699 544 768 560 namque
779 540 867 556 intellectu-

491 564 541 580 alium
555 564 679 580 substantiarum
693 564 746 580 locum
759 564 833 580 infimum
846 567 868 581 te-

492 591 519 604 net
526 589 575 604 homo
583 593 587 604 :
595 591 611 604 et
618 589 658 604 ratio
667 589 702 609 ejus
710 589 756 605 valde
764 589 830 605 infirma
837 592 866 608 est,

492 613 514 629 ita
521 613 563 634 quod
571 613 647 629 facillime
656 613 721 632 fallitur,
727 614 808 634 variisque
816 614 868 635 impli-

492 640 537 653 catur
544 638 709 658 erroribuswoluntas
717 643 779 659 quoque
787 638 806 654 ad
814 639 868 654 omnia

493 662 534 678 mala
545 664 569 678 est
580 667 635 683 prona,
644 665 660 678 et
670 663 764 678 sensualitas
776 663 833 679 rationi
843 668 867 679 re—

493 687 539 703 bellis
551 689 583 707 est3
592 687 669 703 memoria
680 687 729 703 etiarn
739 692 778 708 vaga
790 690 820 706 cst,
828 687 868 703 obli-

493 711 542 730 viosa,
556 711 639 727 instabilis.
653 712 672 727 Et
684 712 717 727 hanc
730 712 836 728 consideratio
847 712 867 728 de
891 715 893 717 ’

492 736 560 752 naturali
575 736 645 752 hominis
657 736 777 752 defectuositate
789 737 866 757 procedit.

88 761 142 777 infusa
154 761 237 782 proficere.
251 761 271 776 Et
283 761 303 776 ad
315 760 345 776 hoe
358 760 411 781 primo
422 760 465 776 valet
473 760 485 776 G
512 761 570 779 Tertio,
578 760 598 776 ad
608 760 650 776 idem
662 760 712 777 multo
722 761 758 781 plus
767 761 809 777 valet
816 761 867 777 consi-

88 786 195 802 consideratio
207 785 275 806 propria)
287 785 358 806 originis.
372 784 464 801 Considere-

88 815 125 826 mus
135 815 173 831 ergo
183 810 225 831 quod
235 814 255 826 ex
263 809 315 825 nihilo
324 809 361 825 facti
372 814 433 828 sumus,
442 809 464 825 iu

87 835 131 856 quod
139 835 217 856 quidquid
225 839 281 850 surnus
289 836 316 850 aut
323 834 406 852 habemus,
415 838 424 849 a
431 834 464 849 Deo

87 859 180 880 accepimus
189 864 192 875 :
202 859 237 875 ideo
248 859 285 874 inde
296 863 396 879 nequaquam
409 858 463 874 extolli

87 884 171 902 debemus,
179 884 207 900 sed
217 884 249 899 Deo
259 883 340 904 regratiari
350 885 366 899 et
375 883 428 904 ipsum
438 888 464 898 ex-

87 909 149 925 tollere.
154 909 218 929 Propter
226 908 268 929 quod
276 908 316 923 dixit
323 908 407 929 Apostolus
414 912 417 923 :
423 907 463 926 Ouid

88 934 138 949 habea
145 933 188 954 quod
198 937 230 949 non
239 932 327 953 accepisti?
335 932 351 948 Si
359 934 412 948 autem
421 937 464 948 acee-

88 958 132 979 pisti,
140 958 180 979 quid
190 957 263 978 gloriaris
273 957 319 978 quasi
330 961 362 973 non
372 957 464 977 acceperis?

88 983 110 999 Ex
116 983 147 998 hae
154 987 192 1003 ergo
199 982 323 998 consideratione
331 981 418 997 resiliamus
426 986 464 997 sem-

87 1012 117 1028 per
125 1007 142 1023 in
150 1007 230 1028 propriam
239 1006 339 1027 parvitatem,
348 1006 422 1027 exemplo
429 1006 464 1022 Pro-

259 1031 373 1046 Verumtamen
390 1031 464 1046 universa

492 785 552 801 deratio
560 785 690 804 defectuositatis,
698 785 764 801 vilitatis
771 791 789 801 ac
797 786 867 802 immun-

491 810 535 826 ditia
542 814 580 831 quas
588 810 635 826 homo
643 810 709 826 incurrit
716 815 735 826 cx
743 810 807 831 propria
814 810 867 827 volun.

492 836 528 850 tate.
544 834 666 850 Consideremus
682 834 731 855 igitur
744 835 867 855 diligentissima

492 861 551 878 mente,
559 861 598 880 quot
607 861 623 875 et
632 861 691 880 quanta
701 859 743 875 mala
750 860 866 879 commisimus,

492 886 531 904 quot
538 886 554 899 et
564 886 623 904 quanta
630 884 672 899 hona
681 884 774 904 omisimus3
782 883 830 905 quani
839 885 867 900 im-

492 908 570 929 pudenter
579 910 596 924 et
605 908 678 929 turpiter,
688 913 736 929 quam
746 909 803 925 vitiose
813 911 829 925 et
839 914 866 925 ne-

491 933 569 953 gligenter
577 937 605 949 nos
615 938 669 949 coram
677 933 709 949 Deo
718 933 809 952 habuimus,
817 939 866 955 quan-

491 960 523 973 tam
532 957 607 978 injuriam
615 960 631 973 et
638 958 752 974 contumeliam
761 958 866 978 irrogavimus

492 982 523 998 Deo
535 982 618 1000 altissimo,
627 985 704 1003 quantum
716 985 732 998 et
742 983 804 1003 quoties
816 983 866 1003 magis

491 1006 586 1022 erubuimus
593 1009 609 1022 et
618 1007 731 1022 honoravimus
740 1007 824 1023 hominum
832 1008 866 1023 vul-

491 1033 525 1047 tum
539 1036 587 1051 quam
599 1031 712 1052 supergloriosi
726 1032 753 1047 Dei
765 1032 866 1053 praesentiam

87 1057 155 1075 vanitas,
170 1056 222 1072 omnis
237 1055 285 1071 homo
300 1055 359 1071 vivenai
376 1055 419 1071 Unde
436 1055 483 1076 pei-l)
491 1057 507 1071 et
518 1056 620 1076 adspectum3
632 1058 671 1077 quot
683 1061 731 1072 vanas
743 1058 790 1077 atque
801 1057 866 1073 inutiles

87 1081 188 1097 Ezechielem
197 1080 292 1101 prophetam
299 1080 376 1096 Dominus
385 1080 405 1095 ad
413 1080 464 1100 ingra-

87 1108 121 1122 tum
134 1107 150 1121 et
161 1105 248 1126 superbum
262 1109 315 1125 regem
326 1104 388 1125 AEgypti
401 1104 463 1120 locutus

68 1142 70 1145 .
87 1133 111 1146 est
120 1135 124 1146 :
133 1130 180 1148 Audi,
188 1130 247 1145 Pharao
254 1129 302 1145 draco
309 1134 372 1150 magne,
379 1129 407 1149 qui
416 1129 462 1147 dicis,

56 1157 59 1160 ⁴
87 1155 120 1176 Ego
128 1155 160 1171 feci
168 1159 193 1170 me
204 1154 262 1175 ipsum⁴
270 1154 315 1170 Tales
325 1156 362 1169 sunt
371 1158 427 1169 omnes
435 1153 462 1174 qui

87 1180 106 1196 de
114 1180 162 1196 bonis
169 1180 238 1200 desuper
245 1179 276 1195 sibi
284 1179 345 1195 collatis
353 1181 384 1194 tam
395 1178 463 1194 inaniter

86 1205 176 1226 gloriantur
186 1206 202 1220 et
211 1203 314 1222 extolluntur,
323 1203 368 1224 quasi
378 1208 387 1219 a
397 1208 414 1219 se
423 1203 462 1224 ipsis

87 1235 106 1246 ea
116 1229 199 1245 heberent*

107 1253 210 1272 Secundo,ad
218 1253 260 1269 idem
267 1253 308 1268 valet
316 1253 421 1268 consideratio
429 1257 463 1273 pro-

87 1279 127 1299 pria
134 1277 264 1295 defectuositatis.
270 1277 335 1293 vilitatis
343 1279 359 1293 et
366 1277 463 1297 impuritatis

88 1303 103 1319 in
112 1307 179 1323 corpore
186 1304 233 1323 atque
240 1302 298 1318 anima⁴
302 1302 358 1318 Nonne
365 1306 431 1322 corpora
438 1306 464 1317 no<

88 1330 119 1344 stra
130 1327 237 1343 immunditiis
245 1329 260 1342 et
270 1326 355 1343 foetorihus
365 1326 412 1347 plena
420 1329 462 1345 sunt,

491 1081 599 1101 cogitationes,
605 1083 644 1101 quot
652 1081 714 1102 impias,
721 1086 803 1102 perversas
810 1084 827 1098 et
834 1084 866 1098 tur-

491 1110 519 1126 pes
526 1105 620 1121 affectiones
628 1110 680 1121 coram
689 1106 723 1127 ipso
731 1106 822 1125 habuimus,
827 1109 866 1128 quot

491 1129 552 1148 illicita,
561 1130 606 1148 falsa,
614 1135 654 1146 vana
664 1132 680 1146 et
689 1130 746 1146 frivola
753 1131 802 1147 verba
812 1134 865 1152 protn-

491 1154 544 1173 limns,
553 1159 600 1175 quam
611 1154 675 1175 injusta,
685 1155 798 1171 abominabilia
809 1158 824 1172 et
836 1156 865 1172 im-

490 1179 550 1194 munda
560 1179 624 1195 fuerunt
634 1184 682 1200 opera
691 1182 752 1200 nostra;
760 1181 793 1197 imo
802 1182 865 1202 quoties

490 1203 542 1219 adhue
549 1204 593 1219 omni
601 1204 627 1220 die
637 1209 727 1225 peccamus,
736 1207 752 1221 et
761 1206 831 1226 peccatis
838 1211 864 1222 ve-

490 1228 551 1244 teribus
561 1232 601 1244 nova
611 1228 680 1249 adjicere
692 1233 723 1245 non
734 1234 820 1246 cessamus.
828 1231 865 1247 I-laec

490 1252 523 1268 sola
534 1253 639 1269 consideratio
649 1253 733 1270 sufficiens
744 1256 760 1270 et
770 1255 865 1275 supersum>

491 1277 534 1293 ciens
547 1279 570 1293 est
583 1278 658 1293 inducere
670 1283 699 1294 nos
710 1278 730 1294 ad
742 1279 837 1296 immensam
849 1282 865 1296 et

491 1302 632 1322 profundissimam
640 1302 773 1322 humiliationem,
778 1304 797 1320 ad
805 1305 865 1320 cordia-

491 1327 569 1342 lissimam
577 1332 595 1342 ac
605 1327 722 1343 indesinentem
733 1329 782 1344 nostri
791 1333 865 1350 asperna-
