1079 1569
152 572 172 584 Ρι.
178 576 199 585 ιη,
211 580 214 583 ⁴

222 120 243 136 80
432 124 506 137 nomines
517 125 534 136 111
544 124 629 137 auran-ms.
639 129 660 132 —
670 125 719 137 senno
729 125 792 137 rannus

222 167 342 188 run-,quamvis
350 172 379 188 per
386 167 497 188 poenitentiam
504 167 597 186 deletorum,
605 167 619 183 A
626 167 760 188 contemplantur,
769 167 803 183 leve
814 169 829 183 et
839 167 886 183 dulce
895 168 915 183 fit
925 167 949 183 eis
959 168 1002 183 viam

222 192 297 207 videlicet
305 192 392 212 pronitates
400 194 416 208 et
422 192 532 208 inclinationes
539 192 559 207 ad
568 197 599 207 ma*

222 216 242 234 la,
250 218 298 237 atque
306 216 380 232 debilitas
390 216 474 232 resistendi
485 216 560 237 peccatis.
569 216 599 232 Uo>

221 240 241 256 de
249 240 316 256 lubricis
327 241 441 261 poenitenlibus
450 241 506 256 durum
515 245 550 256 esse
559 241 599 256 solet

221 265 238 280 in
246 265 326 286 principio
337 265 446 281 conversionis
454 265 508 281 vivere
515 265 598 281 continen-

221 291 250 305 ter*
262 290 376 306 Verumtamen
388 290 430 306 Deus
443 290 523 306 interdum
535 294 554 305 ex
565 294 598 305 suas

221 314 319 330 abundantia
330 314 393 335 pietatis
405 314 444 330 tales
455 316 488 330 tem
500 314 569 335 gratiose
579 318 598 329 ac

221 339 290 355 dulciter
304 339 387 360 praevenit,
400 339 497 358 consolatur,
511 339 597 357 illuminat,

222 363 279 384 implet
286 369 304 379 ac
312 364 381 382 roborat,
387 364 430 385 quod
438 364 492 380 subito
500 366 557 379 cuncta
565 368 598 379 car-

222 388 264 404 nalia
271 391 288 404 et
295 389 355 405 caduca
362 389 452 408 fastidiunt,
460 389 477 404 iu
487 388 598 409 spiritualibus

222 413 326 432 delectentur,
335 416 383 434 etque
394 418 431 429 cum
442 413 500 434 gaudio
512 413 598 434 promptis-

221 438 263 454 simo
274 438 328 454 animo
338 438 411 454 serviunt
421 438 458 454 Deo.
467 438 548 454 Interdum
559 442 598 458 quo-

626 191 654 207 Dei
665 192 744 210 incedere,
753 194 818 213 peccata
826 192 881 210 vitare,
890 192 906 207 iu
915 192 1002 208 virtutibus

626 221 703 232 crescere*

644 241 710 262 Insuper
718 241 743 256 viu
750 241 778 257 Dei
787 241 863 262 perfectis
870 243 895 257 est
902 241 1002 260 dulcissima,

625 265 664 285 quia
672 265 688 281 iu
698 265 721 281 eis
732 265 832 282 mortificatas
842 268 880 281 sunt
890 266 979 286 passiones,
986 267 1003 281 et

625 290 720 306 sensualitas
734 290 792 306 rationi
807 294 872 311 prorsus
887 290 960 311 subjecta
972 292 1001 306 est.

625 314 654 330 Per
661 314 721 330 donum
732 319 795 335 quoque
806 315 888 335 sapientias
898 316 914 330 ct
923 315 1002 330 fervidam

626 339 708 355 caritatem
718 344 749 360 qua
759 339 803 360 pleni
814 342 857 358 sunt,
865 339 962 355 excellenter
971 339 1003 355 dis-

626 363 673 384 positi
681 364 745 379 suntad
754 364 880 380 illuminationes
890 368 973 385 supernas,
982 364 1002 379 ad

625 388 738 404 delectationes
747 388 822 407 internas,
830 388 850 404 ad
858 388 1002 409 contemplationes

625 413 731 432 dulcissimas,
742 414 761 429 ad
772 414 866 434 gaudiosum
879 413 929 429 divini
942 414 1002 429 amoris

625 437 723 453 incendium.
735 438 792 459 Sicque
805 438 905 454 conversatio
915 443 971 454 eorum
984 438 1001 454 in
1008 446 1061 460 phun-—

221 468 253 484 que
261 463 341 479 subtrahit
348 463 380 479 iuis
387 463 454 484 gratiam
462 463 509 479 istam
517 465 533 478 et
540 463 597 478 tentari
607 463 619 480 Β
625 462 670 478 coelis
678 465 707 481 est,
712 462 750 483 quia
757 462 773 478 in
781 465 824 478 terra
831 463 926 483 mortalique
934 467 1002 484 corpore
1008 463 1024 473 ¹⁰-

222 492 249 504 oos
257 488 340 509 permittit,
347 490 418 509 tuncque
425 488 539 504 difficultatem
548 487 564 503 in
572 487 598 503 via

222 513 294 528 sentiunt
305 513 343 533 Dei;
355 513 383 528 sed
398 513 484 528 Dominum
499 512 597 531 invocantes,

222 537 290 553 viriliter
300 539 407 558 perseverant,
416 539 432 553 et
439 539 477 553 tunc
485 542 522 553 cum
532 537 598 552 Psalmi-

222 564 246 578 sta
261 562 294 578 Deo
307 562 361 578 dicere
376 564 442 583 possunt
455 567 459 578 z
471 562 536 582 Propter
550 562 598 577 verba

222 586 301 602 labiorum
309 589 372 602 tuorum
381 591 410 607 ego
417 586 496 602 custodivi
504 586 538 602 vies
546 586 598 602 duras.

242 611 295 630 Porro,
308 611 430 632 proficientibus
442 616 470 627 seu
483 611 598 632 progredienti-

222 636 252 652 bus
260 636 287 652 via
294 636 322 652 Dei
331 636 384 652 suavis
392 636 468 651 efficitur.
477 636 547 651 Virtutes
554 636 598 651 enim

222 665 242 676 ex
252 666 281 676 aua
290 663 347 677 natura
356 665 413 676 suaves
423 662 465 679 sunt,
474 662 490 676 et
498 660 570 681 proprias
580 665 598 676 ac

222 685 292 701 sinceras
300 685 360 701 babent
367 685 480 701 delectationes
487 690 562 701 annexas.
567 685 597 700 Sed

222 710 265 731 quod
272 715 327 726 earum
337 710 407 725 suevius
417 714 449 725 non
459 709 536 730 gustetur,
545 714 565 725 ex
575 709 598 725 in>

222 734 326 755 dispositione
336 736 352 750 et
362 734 448 750 infectione
458 734 538 750 interioris
549 734 597 755 palati

625 487 707 503 coelestem
717 489 765 508 atque
774 487 863 508 angelicam
874 488 935 503 ducunt
944 487 1000 503 vitam.

626 512 669 527 Unde
682 512 758 532 impletur
769 512 786 528 in
796 512 819 528 eis
830 512 873 533 quod
884 512 900 528 iu
911 512 1001 528 Proverbiis

625 536 699 552 Salomon
710 537 780 557 loquitur
788 542 792 553 ῑ
799 537 881 553 Juswrum
890 537 947 553 semita
954 537 1001 558 quasi
1008 545 1061 557 mm

626 561 653 576 lux
661 561 747 582 splendens
755 562 826 582 procedit
834 563 850 577 et
857 562 914 577 crescit
922 566 973 582 usque
980 562 1001 578 ad

626 585 713 606 perfectam
721 586 769 602 diem.
775 586 847 602 Procedit
855 591 924 607 namque
931 586 951 602 de
958 586 1002 602 bono

626 610 642 626 iu
653 610 716 629 melius,
725 611 744 626 de
755 611 877 631 imperiectione
886 611 906 627 ad
916 611 1001 632 perfectio-

626 640 669 653 nem,
677 635 697 651 de
708 640 740 651 una
750 636 809 651 virtute
821 636 838 651 in
849 635 906 655 aliem;
916 638 932 651 et
943 636 1002 652 crescit

626 664 677 680 usque
686 660 706 675 ad
716 660 759 675 diem
769 660 862 681 perfectam,
871 660 888 676 id
897 662 922 676 est
930 662 1002 676 contem-

626 684 713 705 plationem
723 685 821 705 praeelaram,
830 685 863 700 imo
872 689 922 705 usque
929 685 949 700 ad
957 685 1002 701 diem

626 709 724 727 esternitatis,
737 709 767 724 hoc
781 711 806 725 est
818 709 905 725 claritatem
919 712 1002 730 perpetum

627 733 712 749 felicitatis.
723 734 752 749 Via
763 736 817 750 autern
829 734 916 754 impiorum
928 734 1003 750 tenebro-
1016 741 1054 753 ιιιιι

222 759 357 780 bominis,utpote
365 759 423 775 mentis
430 763 458 774 seu
466 759 598 777 voluntatis‚con-
608 759 619 775 G
626 763 643 774 sa
652 762 655 773 :
664 758 738 774 nesciunt
747 758 775 774 ubi
785 761 866 774 corruunt*
875 759 901 774 Sic
910 759 970 774 etenim
977 759 1002 774 vi-

222 784 281 804 tingit:
292 784 309 800 in
321 788 353 805 quo
364 784 417 804 palato
428 788 474 799 amor
485 788 514 799 seu
526 783 598 804 reliquia

222 810 317 829 permanent
328 808 409 824 vitiorum.
417 809 430 824 Α
442 808 500 829 quibus
512 807 598 829 proficien-

222 835 246 849 tes
257 833 329 854 quotidie
340 835 454 853 expurgantur,
462 834 510 853 atque
521 832 598 853 oppositis

223 857 355 878 dispositionibus
367 857 462 873 decorantur
473 861 476 873 :
487 857 567 878 siquidem
579 861 598 872 ex

223 882 334 898 iterationibus
342 884 358 898 et
365 882 521 903 frequentationibus
531 886 598 902 operurn

223 907 331 923 virtuosorum
342 909 427 927 generatur
438 906 455 922 in
466 906 489 922 eis
500 906 599 922 consuetudo

223 931 270 950 bona,
278 936 314 952 quae
324 933 348 947 est
355 931 399 947 velut
409 931 458 946 ultera
468 932 534 950 naturn;
544 932 560 946 et
570 935 599 951 per

223 956 267 972 illam
275 956 372 972 inclinantur
380 958 396 971 et
403 955 497 971 roborantur
503 957 557 971 contra
564 959 599 975 pec-

223 983 257 996 cata
271 985 290 996 ac
302 982 405 999 tentamenta,
418 982 493 996 crescunt
504 984 568 1000 quoque
582 980 598 995 in

223 1005 288 1021 caritate
300 1005 360 1024 divina,
371 1005 427 1026 sieque
439 1005 516 1020 virtutum
529 1004 599 1020 dulcedi—

223 1035 260 1046 nem
270 1030 379 1051 experiuntur.
388 1029 407 1045 Et
417 1029 430 1045 si
440 1029 501 1045 fuerint
510 1029 526 1045 in
535 1029 561 1050 via
570 1029 598 1045 Dei

626 783 653 798 tiis
662 785 767 802 excaecautur,
775 783 818 804 quod
829 783 894 804 propria
905 788 936 799 non
947 783 1003 799 adver-

626 809 662 823 tunt
669 807 746 828 pericula,
754 812 784 823 nec
791 808 903 824 enormitatem
911 813 943 824 suas
951 808 1003 824 ruinoe

626 832 722 852 intelligunt⁴
734 832 795 848 Cadunt
806 832 880 853 equidem
891 837 901 848 a
911 837 976 848 summo
986 835 1004 848 et

627 857 754 872 incommutabili
762 857 804 873 bono
811 857 831 873 ad
839 857 872 873 brec
880 862 926 876 vane,
932 857 1003 873 carnalia

626 883 642 897 et
649 881 714 900 caduco,
722 886 731 897 a
739 883 780 897 statu
790 881 847 897 salutis
854 884 870 897 et
877 882 931 902 gratias
941 882 960 898 ad
971 884 1002 897 sta-

627 908 661 921 tum
672 906 778 922 damnationis
790 908 806 922 et
818 906 875 927 culpas,
883 911 892 922 a
903 906 1003 922 sublimitate

627 930 703 946 virtutum
716 931 735 946 ad
748 930 827 951 profunda
839 931 924 951 vitiorum3
937 936 967 947 nec
979 933 1002 947 ta-

627 959 663 970 men
673 955 757 976 deplorant
766 960 783 971 se
794 955 841 976 ipsos.
850 955 884 971 Imo
895 956 972 976 impletur
984 956 1002 971 in

626 980 649 995 eis
661 980 704 1000 quod
716 980 790 996 Salomon
802 980 824 995 ait
834 984 838 996 :
848 980 909 1001 Impius
921 985 971 1001 quum
981 981 1002 996 in
1009 988 1059 999 mm

626 1004 723 1025 profundum
738 1006 840 1025 peccatorum
852 1005 919 1024 venerit,
931 1007 1003 1021 coutem-
1009 1005 1020 1015 ³>

626 1029 654 1045 nit.
663 1029 721 1050 Sicque
728 1029 792 1045 tandem
800 1034 809 1045 a
817 1030 849 1045 vita
857 1030 931 1050 praesenti
942 1030 1002 1046 cadunt

223 1055 313 1075 diligentes,
322 1055 414 1075 frequenter
424 1054 526 1070 consolantur
535 1058 554 1069 ac
563 1054 599 1069 illu·
606 1055 619 1070 D
626 1054 642 1069 in
653 1058 733 1069 carcerem
743 1054 844 1072 infernalem,
851 1054 897 1074 juxta
907 1054 946 1070 illud
957 1054 987 1070 Job
996 1059 1000 1070 :

222 1082 293 1096 sti-antur
304 1084 313 1095 a
324 1079 384 1100 Spiritu
396 1079 458 1098 Sancto,
469 1079 491 1094 ita
501 1079 544 1099 quod
556 1079 598 1094 clare

223 1104 325 1125 perpendunt
335 1108 354 1119 sc
366 1104 449 1119 intuentur
461 1103 478 1119 iu
490 1104 554 1124 quantis
566 1103 599 1119 iue-

223 1131 261 1145 runt
270 1129 347 1150 periculis
356 1131 373 1144 et
380 1128 455 1149 peccatis,
464 1133 512 1149 quam
521 1133 559 1144 vere
569 1128 598 1144 rni-

223 1154 315 1173 sen-imum,
323 1154 361 1173 vile,
369 1153 445 1169 vitiosum
452 1155 500 1174 utque
507 1153 598 1169 damnabile

223 1180 288 1198 sit,esse
296 1183 370 1195 eversum
377 1183 387 1194 a
394 1179 432 1197 Deo,
436 1183 471 1194 esse
480 1178 598 1199 incorporatum

223 1203 292 1222 diabolo,
301 1203 370 1219 Creatori
380 1207 409 1224 pro
419 1203 510 1219 ohedientia
519 1204 535 1218 et
542 1202 599 1223 gratie-

224 1233 260 1244 rum
271 1228 334 1244 actione
346 1227 413 1248 injurias
426 1227 563 1248 contumeliasque
576 1232 599 1243 ro-

223 1253 303 1274 pendere;
316 1253 360 1271 item,
371 1257 420 1273 quarn
432 1252 486 1268 nobile
498 1257 516 1268 ac
529 1252 598 1271 salubre,

223 1283 272 1299 quam
284 1278 384 1293 fructuosum
396 1281 414 1292 ac
427 1277 516 1292 virtuosum
528 1277 554 1295 sit,
567 1276 600 1292 Deo

223 1308 258 1319 esse
270 1303 339 1321 uniturn,
350 1302 459 1320 inhaerentem,
471 1303 534 1322 gratum
546 1305 564 1317 ae
574 1301 600 1322 ju-

223 1328 264 1348 giter
271 1327 373 1343 servientem.
382 1326 466 1347 Quumque
475 1326 509 1342 base
516 1328 532 1342 et
540 1326 600 1342 similia

626 1079 689 1094 Ducunt
697 1078 713 1094 in
721 1078 768 1094 bonis
775 1079 809 1094 dies
817 1083 860 1097 suos,
866 1081 882 1094 et
889 1079 905 1094 in
913 1081 973 1099 puncto
980 1079 1002 1095 ad
1008 1086 1028 1098 ω
1033 1086 1060 1098 mn

626 1103 707 1119 infernum
718 1103 821 1119 descendunt.

643 1128 757 1149 Relinquamus
762 1133 800 1149 ergo
805 1129 848 1144 viam
854 1129 952 1149 perditionis,
957 1131 973 1145 et
979 1129 1003 1145 vi-

625 1158 651 1169 am
658 1153 714 1169 salutis
722 1153 795 1169 incedere
803 1158 835 1169 uon
843 1158 924 1174 cessemus
932 1158 961 1170 nec
971 1154 1002 1169 dir-

626 1178 742 1199 feramus‚quia
750 1178 839 1199 periculum
845 1181 869 1194 est
875 1179 892 1194 in
899 1183 1003 1200 mora,quum

626 1207 656 1218 nec
668 1207 700 1218 une
711 1203 747 1218 vitae
757 1203 806 1223 buius
816 1203 863 1219 nobis
874 1205 917 1219 certa
927 1203 948 1219 sit
957 1204 1002 1220 hort

646 1227 710 1248 Legitur
719 1228 762 1248 quod
773 1228 812 1243 dum
822 1228 837 1244 S.
846 1228 935 1244 Ber-nardus
946 1233 1003 1249 quem-

626 1253 662 1268 dam
673 1252 725 1268 virum
736 1252 753 1268 iu
763 1252 821 1268 saeculo
829 1257 904 1273 mag-num
915 1254 1003 1270 convertis-

626 1279 655 1296 set,
669 1277 747 1298 illumque
761 1282 816 1293 secum
828 1278 847 1294 ad
860 1278 951 1294 coenobium
966 1283 1003 1299 per-

627 1302 697 1320 duceret,
712 1302 761 1323 eoepit
776 1302 800 1318 vir
816 1302 843 1318 ille
859 1302 876 1318 in
890 1303 917 1318 vin
931 1303 1003 1323 graviter

627 1327 722 1343 contristari.
736 1327 785 1347 Cujus
797 1332 862 1343 causam
875 1333 926 1348 quum
938 1328 953 1344 S.
964 1328 1002 1344 Ber—
