1079 1569
225 118 255 135 294

421 124 495 136 ΜΙΙἩΙΕΑ
505 124 628 136 affluansssuu.
639 129 659 131 —
670 124 719 136 §mo
730 124 806 136 SECUNDUS

225 166 258 182 lem
266 166 343 183 incideret
351 167 420 188 culpam.
427 167 467 183 ilinc
474 167 517 188 apud
523 167 600 183 Ioannem
608 166 621 183 A
629 169 677 183 ctum.
691 167 731 183 Eine
744 167 795 183 Deum
808 167 852 183 omni
866 167 906 183 hora
918 171 999 188 precemur

155 194 218 208 :oa-nm.
225 190 297 212 loquitur
307 192 379 208 Christus
390 197 394 208 z
405 191 471 208 Omnem
484 192 512 213 qui
525 191 555 208 fert
567 192 600 208 rru-

226 218 276 235 ctum,
284 217 359 237 purgabit
371 221 407 232 enm
420 216 464 232 Pater
476 221 527 235 meus,
537 218 556 232 ut
567 216 600 232 fru-

151 244 219 257 mmm.
226 242 270 256 ctum
282 241 319 262 plus
329 241 390 257 afferat.
402 241 421 257 Et
432 241 489 257 iterum
499 241 527 260 ait,
536 241 600 262 Oportet

226 270 289 286 semper
298 270 343 281 orare
353 268 369 281 et
378 270 410 282 non
421 266 490 281 deiicere
498 270 502 282 ι
511 268 529 281 ιιι
538 266 600 281 scilicet

225 289 267 306 Deus
280 292 346 311 peccata
359 290 406 306 nobis
418 290 492 309 dimittat,
504 290 572 311 gratiam
584 292 600 306 et

224 314 292 330 virtutes
306 314 385 333 infundat,
400 315 531 335 lruetiiicareque
546 315 598 331 saciat.

245 339 342 357 Secundum,
350 339 426 360 quoniam
434 339 472 355 vitis
479 341 503 355 est
510 339 557 355 arbor
565 339 599 355 bas-

224 368 241 379 sa
248 368 277 380 seu
284 364 406 385 humilis,atque
414 364 479 385 majoris
486 364 545 380 valoris
552 369 599 385 quam

223 391 290 409 apparet
300 389 402 409 potissimum
412 391 483 410 tempore
493 389 562 409 hiemis;
572 389 599 405 sed

224 413 241 429 in
255 415 309 429 {estate
323 418 342 429 ex
357 414 437 429 fructibus
451 414 486 434 ejus
502 416 599 430 monstratur

224 438 269 454 valor
276 438 327 459 ipsius
335 443 339 454 2
347 438 371 454 sie
379 438 432 454 anima
440 438 515 457 virtuosa,
524 438 540 454 in
548 438 599 454 oculis

629 194 646 207 ut
653 192 714 208 animas
725 194 786 208 nostras
796 192 893 211 illuminare,
902 191 999 208 inflammare

628 218 676 237 atque
687 217 703 232 in
715 221 732 232 se
742 221 806 237 semper
816 221 910 233 conservare
922 217 999 237 dignetur,

629 241 764 261 quemadmodum
771 243 805 257 orat
812 241 890 262 Propheta
895 246 899 257 z
904 241 1044 260 Illustra,Do-nm‹=

629 266 677 284 mine,
688 265 746 281 faciem
756 268 799 281 tuam
809 271 858 287 super
870 271 935 282 servum
946 268 1000 285 tuum}

628 290 690 306 salvum
702 295 727 306 me
737 290 762 306 fae
772 290 789 306 in
800 290 910 306 misericordia
920 292 953 306 tua.

648 315 730 333 Quintum,
740 315 816 335 qnoniam
827 315 869 331 siout
880 315 942 331 fructus
953 315 1001 331 vinea

628 341 686 355 terram
694 339 773 360 tangendo
782 339 864 360 putrescit,
872 339 896 355 sic
904 344 954 360 opera
964 339 1001 355 bona

628 369 664 384 qum
675 363 750 382 facimus,
762 364 775 379 si
791 368 820 384 pro
835 364 881 380 laude
896 364 967 380 humana
978 364 1001 380 vel

628 388 716 404 intentione
723 393 755 404 non
764 390 807 404 recta
813 390 885 409 agantur,
891 389 966 405 mercede
973 389 1001 409 priv

627 415 685 428 vantur
692 415 755 429 interna⁴
759 413 824 434 Propter
831 413 874 434 quod
882 413 954 434 loquitur
962 413 1002 429 Chri·

627 439 661 453 stus
670 438 712 458 apud
721 438 811 453 Matthaeum
820 443 823 454 :
832 438 888 454 Videte
895 443 915 454 ne
923 438 1000 458 justitiam
1010 443 1050 454 nau·⁴

224 463 294 483 propriis
306 462 342 478 vilis
352 465 381 482 est,
390 468 439 483 seque
448 463 465 478 in
475 463 538 479 cunetis
548 463 599 479 linini-
608 463 619 479 B
627 464 696 478 vestram
707 462 769 478 faciatis
780 467 833 478 eoram
844 462 944 481 hominibus,
952 465 971 478 ut
980 463 1001 478 vi-
1006 460 1014 469 “·

224 487 257 505 liat,
263 489 279 503 et
286 487 379 508 frequenter
386 487 406 503 ab
414 487 507 503 hominibus
514 487 599 508 spernitur,

225 511 258 527 imo
266 512 282 527 in
292 512 322 527 hoc
330 512 391 528 mundo
401 512 446 532 quasi
457 512 473 527 in
484 512 542 530 hieme,
550 512 600 527 tribu-

225 536 311 552 lationibus
319 536 465 557 mutationibusque
472 536 566 557 subjicitur;
572 536 599 552 sed

225 560 272 576 finita
283 561 366 581 praesentis
378 561 415 577 vitae
427 561 497 579 miseria,
511 561 527 576 in
539 561 600 577 coelesti

225 590 274 606 regno
285 585 388 601 fructuositas
402 585 438 606 ejus
452 585 546 604 ostenditur,
559 586 601 601 sicut

225 610 306 631 apostolus
317 610 385 626 lacobus
400 612 501 631 protestatur,
514 610 583 626 diceudo
595 615 599 626 z

151 640 218 654 :aaut-m.
225 634 282 650 Beatus
294 634 320 650 vir
331 635 359 655 qui
372 634 430 650 suffert
441 634 551 653 tentationem,
561 639 600 655 quo-

225 659 269 675 niam
281 664 331 680 quum
343 659 419 680 probatus
432 659 485 678 ruerit,
495 659 564 680 accipiet
576 664 601 675 co-

225 688 280 699 ronam
292 684 333 700 vitae.

245 708 322 727 Tertium,
332 708 408 729 quoniam
420 708 463 724 sicut
474 708 521 724 vinea
532 708 571 724 dum
583 708 600 724 iu

225 734 267 748 terra
279 733 310 748 sibi
322 732 423 748 convenienti
436 734 489 748 munet
501 732 556 751 infixa,
567 733 600 748 val-

627 486 696 502 deamiui
709 486 730 502 ab
744 487 776 506 eis;
789 487 850 507 alioqui
865 487 957 503 mercedem
972 492 1001 503 non

627 510 707 527 habebitis
719 511 762 531 apud
776 511 838 527 Patrem
852 511 941 527 eoelestem.
956 512 975 527 Et
987 512 1002 527 in

628 535 669 551 libro
679 535 709 551 Iol>
721 535 799 556 seriptum
811 538 836 551 est
845 540 849 551 z
860 536 966 556 congregatio
977 536 1050 557 lay-mm.

628 560 693 581 pocritae
708 560 767 576 sterilis
783 562 812 576 est.
829 560 918 581 Hypocritae
934 566 1002 582 namque

628 586 718 604 censentur,
727 585 755 606 qui
763 589 811 606 opera
820 590 840 601 ex
850 590 908 606 genere
916 585 965 604 bona,
973 590 1002 601 non

628 614 657 630 pro
665 609 692 625 Dei
703 610 768 628 honore,
777 610 804 626 sed
814 614 844 631 pro
853 610 918 631 propria
926 613 1004 631 peragunt

628 634 683 654 laude3
694 636 710 650 et
721 634 759 650 tales
770 636 808 650 sunt
820 634 888 653 steriles,
899 635 937 655 qnia
948 640 1002 651 eorum

628 663 676 679 opera
687 663 718 675 nou
730 661 768 675 sunt
778 664 815 675 vere
826 659 902 678 virtuosa,
911 660 938 675 sed
951 660 1003 680 potins

628 683 690 702 vitiosa,
698 683 741 699 sicut
750 683 772 699 ait
782 683 853 700 Salvator
861 688 864 700 ε
873 684 890 700 Si
900 684 958 700 oculus
968 686 1003 700 tuns
1012 687 1039 697 Hm·
1045 691 1050 696 =>

627 707 676 723 inerit
688 712 763 728 nequam,
776 708 792 723 id
804 710 828 724 cst
840 713 915 729 perversa
930 708 1003 727 intentio,
1009 704 1022 714 ²¹·

627 734 679 748 totum
691 737 749 753 eorpus
764 734 809 748 tunm
822 733 926 748 tenebrosum
938 733 976 751 erit,
989 733 1004 749 id

225 757 245 773 de
253 759 277 773 est
284 757 374 777 fructuosa3
383 759 455 777 seponto
462 761 500 773 vero
508 757 550 776 inde,
559 759 600 773 cele·
607 758 618 774 C
628 759 657 775 est,
668 761 716 772 omne
727 761 768 777 opus
778 762 797 773 ex
808 757 836 773 tali
848 757 936 773 intentione
949 762 1004 778 proce-

226 782 248 798 ris
256 782 340 798 arboribus
349 782 421 798 inutilior
428 781 507 802 viliorque
514 782 587 798 consistit
595 787 599 798 z

226 807 249 822 sic
265 806 318 822 anima
333 806 410 827 quamdiu
426 806 458 822 Deo
474 811 502 827 per
518 806 599 823 caritatem

226 831 300 850 adhaeret,
311 831 382 847 virtuosa
392 831 541 851 etlpraeclarissima
552 835 601 851 opera

226 858 289 872 aterna
301 856 337 871 vitm
352 855 433 871 meritoria
447 855 508 875 officim
521 855 534 871 si
547 858 600 871 antem

226 885 255 901 per
268 880 334 896 mortale
349 882 432 900 peceatum
447 881 529 900 separetur
541 884 550 895 a
562 880 599 899 Deo,

227 904 362 920 irrationabilibus
374 904 450 920 creaturis
461 904 481 920 iit
490 904 542 923 vilior,
551 906 567 920 et
578 905 600 920 di-

226 934 257 950 gna
268 929 304 950 igue
314 931 378 945 *eterno⁴
388 929 453 949 Propter
462 929 505 949 quod
516 929 532 944 in
541 929 600 945 Joanne

157 959 220 972 ,ωε-ιιι,
227 954 266 970 dicit
278 954 349 970 Salvator
359 958 363 969 :
374 953 390 969 Si
401 953 437 974 quis
447 953 464 969 iu
476 958 501 969 me
512 958 545 969 non
557 958 601 969 man*

227 979 271 997 serit,
279 978 351 994 mittetur
358 978 405 996 foras,
414 980 430 994 et
437 978 453 993 in
462 978 515 998 ignem
523 978 599 994 mittetur.

246 1003 328 1022 Quartum,
343 1003 381 1023 quia
395 1003 442 1018 vinea
456 1002 525 1018 maxime
540 1002 600 1023 indiget

226 1028 264 1044 solis
276 1028 328 1044 calore
339 1028 359 1043 ad
374 1027 511 1045 fructificandum,
524 1032 553 1043 uec
566 1032 601 1048 pro-

628 781 667 797 dens
677 783 702 797 est
711 781 791 797 vitiosum⁴

648 806 719 824 Sextum,
728 811 765 821 nam
774 806 816 822 sicut
823 806 870 822 vinea
878 806 926 822 habet
933 806 1005 823 fructum

628 831 682 846 minus
692 830 786 851 pretiosum,
795 831 808 846 si
816 830 833 846 in
843 831 924 851 pinguiori
934 831 1006 852 plantata

628 857 652 871 est
664 855 704 874 loco,
715 855 826 876 pretiosiorem
839 860 882 874 vero,
895 856 908 871 si
921 856 937 871 in
952 858 1006 872 monte

628 880 698 900 plantata
705 881 729 895 est
737 880 753 895 in
762 880 796 896 loco
803 880 853 898 arido,
862 880 890 896 ubi
897 885 907 896 a
914 880 961 896 radio
968 880 1005 896 solis

628 904 689 920 fruetus
702 904 753 925 ipsius
768 904 829 925 absque
841 905 960 925 impedimento
973 910 1006 926 per-

628 929 719 948 entiuntur;
725 929 748 945 sic
756 929 810 945 anima
817 931 876 950 quanto
885 929 901 945 in
909 929 959 945 rebus
967 932 1006 945 tem-

628 953 710 974 poralibus
721 953 758 974 plus
768 953 844 972 abundat,
852 956 896 970 tanto
906 959 915 969 a
925 954 1006 970 bonorum

628 983 694 999 operum
702 977 826 994 fructificatione
833 978 904 999 amplius
911 979 1005 1000 impeditur,

627 1003 711 1024 Propterea
722 1003 762 1018 dixit
773 1003 845 1019 Salvator
856 1008 860 1019 z
872 1003 923 1022 Quam
934 1004 1006 1020 diffiffle
1011 1007 1055 1018 urus«

628 1027 655 1048 qni
663 1027 740 1047 pecunias
748 1027 812 1045 babent.
821 1028 903 1044 intrabunt
911 1028 927 1044 in
935 1033 1006 1049 regnum

226 1053 279 1074 prium
290 1053 332 1068 valet
340 1052 411 1068 fructum
421 1054 489 1072 portare,
501 1056 529 1067 seu
539 1054 601 1068 susten·
608 1052 620 1068 D
628 1052 705 1068 coelornm
714 1053 717 1067 l
728 1052 795 1067 Sanctus
807 1057 871 1073 quoque
882 1052 971 1073 Gregorius
983 1058 1006 1069 as-

225 1080 259 1093 tare
269 1082 286 1093 se
298 1077 355 1098 ipsam,
366 1077 397 1092 nisi
408 1076 481 1096 alligetur
492 1076 552 1097 paxillo
562 1081 566 1092 2
577 1077 600 1092 sic

225 1102 278 1118 anima
288 1102 308 1117 ad
319 1101 360 1117 bene
371 1101 449 1121 agendum
461 1101 563 1121 potissimum
577 1101 600 1117 in-

225 1127 268 1147 diget
279 1126 385 1142 illustratione
397 1125 460 1144 christi,
471 1130 506 1146 quae
518 1127 542 1141 est
553 1125 599 1146 spiri-

225 1151 272 1167 tualis
280 1151 304 1167 sol
311 1150 399 1171 sapientiae,
407 1153 423 1166 et
431 1150 557 1166 inflammatione
565 1150 599 1171 Spi-

225 1177 265 1192 ritus
275 1176 336 1196 Sancti3
347 1176 407 1196 indiget
416 1180 480 1196 quoque
491 1175 600 1191 indesinenter

225 1201 315 1217 conservari
327 1206 336 1216 a
348 1201 386 1219 Deo,
399 1205 419 1216 ne
431 1200 461 1216 sibi
477 1200 537 1218 relicta,
550 1200 599 1216 simul

225 1231 262 1242 cum
274 1226 354 1242 fructibus
365 1225 399 1241 suis
411 1225 457 1240 cadat
467 1225 483 1240 in
494 1226 558 1243 terram,
569 1224 599 1240 hoc

224 1253 254 1269 est,
258 1255 278 1266 ue
286 1250 329 1266 inani
337 1250 392 1270 gloria,
397 1249 456 1265 carnali
464 1249 599 1270 concupiscentia,

224 1278 252 1291 aut
261 1275 293 1291 alio
303 1275 376 1291 vincatur
387 1275 456 1295 peccato⁴
468 1274 504 1290 ideo
515 1276 549 1289 orat
559 1274 599 1294 Apo-

154 1304 193 1318 ΒμΛω
195 1308 217 1317 ιιιιι
224 1300 274 1316 stolus
283 1304 286 1316 :
295 1300 337 1315 Deus
347 1299 374 1315 det
384 1299 429 1315 vobis
439 1299 514 1314 virtutem
526 1298 599 1314 corrobo-

224 1324 255 1341 rari
263 1324 279 1340 iu
288 1324 359 1340 interiori
366 1323 431 1340 bomine
439 1328 468 1344 per
475 1323 552 1344 Spiritum
560 1323 598 1339 San-

628 1076 666 1092 serit
674 1081 678 1092 1
686 1076 730 1092 Siout
738 1076 837 1097 impossibile
845 1079 869 1093 est
876 1077 929 1097 ignem
938 1077 957 1093 in
965 1083 1007 1099 aqna

628 1106 659 1117 non
667 1101 752 1121 exstingui,
759 1101 780 1117 ita
789 1101 888 1122 impossihile
896 1104 920 1117 est
927 1106 1007 1123 eompun«

627 1126 696 1141 ctionem
707 1125 765 1141 mentis
775 1125 791 1141 in
799 1126 861 1141 deliciis
871 1130 903 1142 non
913 1127 975 1147 perire.
985 1127 1007 1143 ltl-

627 1150 670 1166 cireo
681 1150 749 1166 asseruit
761 1150 838 1166 Dominus
851 1155 855 1166 2
868 1150 910 1166 Beati
924 1156 1006 1172 pauperes
1012 1155 1048 1166 ,ιι-ἰ·

627 1175 690 1196 spiritu,
698 1175 774 1196 quoniam
784 1175 856 1196 ipsorum
864 1177 889 1191 est
896 1180 967 1196 regnum
976 1181 1007 1193 coe-

627 1200 684 1216 lorum.

647 1224 726 1240 Conemur
733 1229 771 1244 ergo
778 1224 837 1240 habere
846 1224 862 1240 in
871 1224 918 1240 nobis
928 1230 959 1241 sex
970 1226 1006 1244 ista.

626 1253 655 1269 per
666 1253 701 1269 quae
711 1248 764 1264 anima
777 1248 822 1264 bonoe
832 1249 883 1265 vinem
894 1253 1006 1270 comparatur.

626 1274 680 1294 ltaque
688 1272 763 1288 omnihus
771 1273 817 1289 nohis
826 1274 899 1294 principit
905 1274 959 1290 Filius
967 1275 1006 1291 Dei:

626 1298 648 1314 lte
658 1300 674 1313 et
683 1302 711 1313 vos
722 1297 738 1313 in
748 1298 811 1313 vineam
822 1303 880 1316 meam,
889 1298 905 1314 id
916 1301 947 1317 est,
957 1304 1048 1315 unus-mn

626 1322 694 1344 quisque
704 1323 775 1338 vestrum
787 1322 891 1343 spiritualiter
901 1325 927 1339 eat
939 1324 959 1340 in
973 1325 1008 1340 ani-
