1079 1569
266 131 340 143 ΜΙΠΠΕΔ
350 131 483 145 ssVfflQl-VAGBSM.
493 135 513 139 ’-
523 131 573 143 Bfflt)
583 131 652 146 omum!

816 125 846 142 ³57

71 175 89 189 tu
105 173 215 194 persoqueris3
231 173 247 189 in
262 173 348 194 Evangelio
362 178 426 194 quoque
442 178 445 189 :
454 174 467 190 A
474 174 511 190 bom
519 176 606 194 terrarum3
615 174 698 190 imitantur
704 175 758 189 autem
766 172 811 189 illum
819 172 847 194 qui

24 205 56 216 ιωυ..
71 198 116 217 Quod
129 198 162 217 uni,
173 198 231 219 iuquit,
242 203 261 214 ex
273 198 345 214 minimis
357 199 397 214 meis
408 198 446 214 seci-

24 221 64 233 '>“⁷·‘⁵·
71 223 105 242 stis,
110 223 150 238 mihi
158 223 271 243 lecistiszhino
278 223 326 239 etiam
335 223 358 239 illi
366 223 446 239 Christum

71 250 196 268 persequuntur,
209 248 279 267 tradunt,
291 248 373 268 flagellant
385 250 401 264 et
412 253 447 264 cru-

70 272 146 292 cifigunt,
158 272 186 293 qui
198 272 260 288 animas
271 272 307 293 ejus
319 272 396 293 sanguine
409 272 447 288 libe-

70 298 112 312 ratas
120 296 140 312 ad
148 299 213 317 peccata
223 297 306 315 inducunt,
315 297 342 317 qui
353 297 420 318 pusillos
428 301 447 312 ac

70 320 133 336 debiles
143 321 256 339 scandalizant,
265 321 293 342 qui
304 322 398 342 opprimunt
408 326 446 342 pau-

70 350 123 365 peres,
136 347 152 361 et
163 345 191 366 qui
205 345 256 366 justos
271 346 360 362 molestant.
374 346 410 362 ldeo
424 346 447 362 ait

70 370 161 385 Bernardus
169 374 173 385 z
181 370 216 386 Non
224 370 253 386 tibi
261 370 324 386 videtur
331 370 403 386 Christus
412 375 446 391 gra—

70 395 132 410 viorem
147 394 167 410 ah
183 395 211 410 illo
225 395 258 415 pati
272 395 405 416 persecutionem,
418 395 446 416 qui

70 419 173 440 suggestione
183 419 258 440 maligna,
267 420 356 440 pernicioso
366 420 445 440 exemplo,

70 444 142 459 scandali
154 444 243 462 occasione,
253 444 273 460 ab
285 449 305 460 eo
316 444 373 460 avertit
385 445 446 460 animas

474 201 511 214 sunt
521 204 540 215 ex
551 201 595 220 parte
606 199 654 215 illius.

494 224 514 239 At
523 228 561 239 vero
570 224 638 239 Pilatum
648 223 720 244 judicem
730 224 819 243 sequuntur
829 222 847 238 ti-

474 248 514 264 midi
521 250 537 264 et
544 248 661 269 pusillanimes,
667 248 695 269 qui
702 247 776 263 homines
783 249 799 263 et
807 247 848 262 mala

474 273 543 294 poenalia
557 273 593 289 vitae
609 273 692 294 priesentis
707 272 758 293 magis
773 274 848 288 verentur

474 302 522 318 quarn
535 297 585 313 Deum
597 302 615 313 ac
627 302 691 318 paenam
703 299 784 315 ammam,
797 301 846 317 quum

474 324 527 338 tamen
539 322 582 338 dieat
592 322 663 338 Salvator
673 326 677 337 z
688 321 739 338 Nolite
752 321 808 337 timore
821 325 847 337 eos
862 326 921 338 arama.

474 347 501 367 qui
514 351 572 367 eorpus
587 346 667 365 occidunt,
679 346 749 362 animam
762 350 801 361 vero
816 350 848 361 non
855 342 872 353 ²¹*

474 373 541 392 possunt
553 371 637 391 oecidere;
649 376 686 386 eum
698 375 736 386 vero
750 370 805 386 timete
820 370 848 391 qui

474 395 521 411 habet
532 397 626 416 potestatem
638 400 696 416 eorpus
707 397 723 411 et
733 395 803 410 animam
814 399 849 415 per·

474 420 511 436 dero
524 420 540 435 iu
552 420 647 440 gehennam.
658 420 677 435 Et
686 420 760 436 Salomon
771 420 793 435 ait
804 424 808 435 z
818 419 848 438 Qui
855 423 922 435 emm.

475 444 521 460 timet
528 444 615 463 hominem,
624 445 656 460 cito
663 446 731 460 corruet.
740 444 781 460 Talis
789 444 848 460 etenim
855 439 873 449 ἰ

71 473 111 489 quas
127 469 200 487 redemit,
213 474 261 489 quam
274 474 283 484 a
294 469 348 485 ludam
360 469 388 490 qui
403 469 447 485 illius
456 469 507 485 Bnon
518 472 542 485 est
551 469 610 490 justus,
620 469 648 490 qui
660 474 680 485 ne
693 469 780 485 humanum
794 468 850 489 perdat

71 493 166 513 sanguinem
177 493 219 509 fudit
226 494 232 509 ³

94 517 176 536 Praeterea,
190 518 238 534 Iudas
254 518 318 534 tradidit
332 518 412 534 Christum
427 523 447 534 ex

24 546 34 557 a.
39 550 64 559 un.
70 542 139 558 avaritia
149 547 152 558 :
163 542 203 561 Ouid
213 542 302 563 (inquiens)
311 543 360 559 vultis
371 543 410 558 mihi
422 543 448 559 da-

71 572 94 585 re,
103 569 119 582 et
127 571 157 587 ego
164 572 201 583 eum
209 567 255 583 vobis
262 568 323 583 tradam
329 568 335 583 i
342 568 392 584 Judaei
400 568 447 583 tradi-

71 592 130 608 derunt
141 597 178 608 euin
189 592 238 608 Pilato
249 597 268 608 ax
279 592 345 610 invidia.
352 593 398 613 juxta
408 593 447 609 illud

24 616 140 632 1.m.1.atauhaei
150 616 226 632 :Sciebat
236 617 278 637 quod
289 622 318 638 per
329 617 405 633 invidiam
416 619 447 633 tra-

71 641 151 657 didissent
162 646 204 657 eum.
215 641 274 661 Pilatus
286 646 324 657 vero
335 642 400 657 tradidit
410 647 447 658 eum

71 666 151 681 voluntati
161 666 251 682 ludaeorum
264 668 282 681 ut
292 666 419 687 crucifigeretur,
428 672 447 682 ex

72 690 144 706 humano
154 691 211 706 timore
220 695 252 711 quo
261 691 316 706 timuit
325 691 407 707 offendere
417 692 448 707 Ca»

24 722 65 731 amm.
71 720 130 731 sarem.
138 715 190 733 Ouum
199 715 242 731 enim
254 715 331 731 dixissent
339 716 353 731 ei
360 716 410 732 Judaei
419 720 422 732 ε
431 716 447 732 Si

71 739 115 755 hunc
130 739 204 758 dimittis,
217 744 248 755 non
263 745 280 755 es
295 740 356 756 amicus
369 740 447 760 Caesaris;

475 493 551 512 favorem,
559 496 587 509 aui
597 499 617 509 ne
628 493 715 514 temporale
726 493 797 509 incurrat
807 493 850 509 dam-

475 523 520 537 num,
534 518 595 539 aliquid
612 518 650 534 facit
665 520 720 534 contra
734 518 818 539 justitiam,
833 519 850 533 et

476 543 528 564 potius
541 543 587 559 timet
598 543 677 559 offensam
689 543 760 559 hominis
772 542 848 561 mortalis,

475 573 523 589 quam
533 568 561 584 Dei
571 568 690 589 omnipotentis.
699 568 718 583 Et
727 568 766 583 tales
776 569 813 583 sunt
821 567 849 588 qui

475 593 492 608 in
504 593 588 613 praesentia
600 593 654 608 vultus
666 593 694 608 Dei
709 597 741 608 non
753 592 850 608 erubescunt

475 622 520 635 vana.
534 618 603 636 inutilia,
614 617 697 633 immunda
709 621 728 633 ac
740 617 797 633 frivola
808 616 849 637 eogi-

475 644 508 658 tare
518 642 552 658 sive
560 643 640 662 appetere,
648 647 684 662 qum
694 646 747 657 coram
757 641 850 657 hominibus

475 671 507 682 non
521 667 581 682 audent.
595 666 671 687 proterre.
684 666 745 682 ldcirco
759 666 776 681 in
790 665 849 681 talibus

475 695 506 707 non
514 693 538 707 ost
546 693 599 707 castus
609 691 660 711 pudor
667 690 694 711 qui
704 695 723 710 ex
733 690 812 711 sapientia
819 690 850 706 ori-

475 718 506 734 tur,
514 720 546 736 quo
556 715 604 731 homo
612 715 728 731 verecundatur
737 720 754 731 se
764 719 817 731 coram
827 715 850 731 di-

475 740 512 756 vino
527 740 603 761 adspectu
617 740 676 760 injuste
689 739 788 760 turpiterque
802 739 849 755 habe-

71 764 125 780 omnis
137 764 181 780 enim
193 764 221 785 qui
236 769 289 785 regem
301 769 318 780 se
331 765 374 783 lacit,
387 767 448 781 contra·
456 765 467 781 C
475 769 500 785 τες
514 765 574 780 ideireo
585 764 684 780 damnabiles
698 766 741 783 sunt,
754 766 770 780 et
781 764 850 785 graviter

71 789 111 804 dicit
121 788 177 804 Caesari
185 793 189 804 z
198 793 234 810 mox
242 789 306 810 expavit
314 789 378 808 Pilatus,
386 790 447 810 judica-

71 814 128 834 vitque
139 813 175 829 fieri
187 813 271 834 petitiones
281 818 342 829 eorum.

92 838 150 854 Iudam
162 838 211 858 igitur
223 838 320 858 proditorem
333 839 415 855 imitantur
427 839 447 854 si-

72 862 149 881 moniaci,
162 865 178 878 et
193 863 267 881 usurarii,
281 867 299 878 ac
313 863 362 882 avari,
376 863 403 884 qui
419 868 448 884 pro

72 887 147 907 pecuniis
162 889 178 902 et
192 887 274 908 opulentia
288 887 372 908 temporali
386 888 447 904 animas

71 916 109 927 suas
117 911 176 927 habent
184 912 314 932 venales‚easque
322 912 386 928 tradunt
393 912 409 928 in
417 917 448 928 ma·

72 941 104 951 nus
118 936 184 954 diaboli,
197 936 227 952 hoo
241 938 266 952 est
278 936 294 952 i·n
309 936 417 957 captivitatem
432 939 448 952 et

71 960 167 976 servitutem
180 961 236 981 ipsius,
249 965 280 976 non
294 961 393 977 attendentes
405 961 448 982 quod

24 990 64 1002 tama
71 986 95 1001 ait
103 986 186 1006 Scriptura
194 990 198 1001 τ
206 985 247 1001 Nihil
258 985 329 1006 iniquius
338 991 386 1007 quam
395 991 448 1002 amare

24 1010 168 1031 nav-,mpeeuniam3
179 1012 194 1025 et
206 1010 248 1030 quod
260 1010 282 1026 ait
294 1010 378 1030 Apostolus
387 1015 390 1026 :
399 1011 448 1026 Radix

72 1035 148 1050 omnium
159 1034 237 1050 malorum
248 1036 272 1050 est
282 1035 366 1055 cupiditas.

475 790 567 810 punientur,
579 789 667 805 secundum
680 789 720 804 illud
732 789 848 810 Apocalypsis:

474 814 547 832 Timidis,
562 816 578 829 et
592 813 684 832 incredulis,
699 815 716 829 et
729 813 820 832 exsecratis,
833 815 850 829 et
860 818 923 833 apem.

474 838 550 855 omnibus
559 838 668 857 mendacibus,
677 843 713 859 pars
723 838 786 854 illorum
794 838 825 853 orit
832 838 848 853 in
856 835 867 845 ⁸*

476 865 531 883 stagno
543 863 605 878 ardenti
617 862 653 883 igne
665 864 682 878 et
693 862 760 881 sulfure,
771 862 813 883 quod
825 864 849 878 est

475 892 518 903 mors
529 887 603 903 secunda,

495 912 531 928 Noli
542 916 585 932 ergo,
598 916 607 927 o
620 911 714 930 Christiane,
727 911 759 927 noli
775 911 849 932 persequi

476 936 562 955 Christum,
570 936 602 952 noli
613 936 682 957 praefatis
693 936 744 952 modis
752 936 814 952 tradere
822 938 850 952 aut

476 961 571 982 crucifigere
583 965 630 981 eum3
643 965 672 976 nec
684 960 736 976 solnm
751 965 782 976 non
796 965 849 981 perse-

476 986 537 1007 quaris,
549 986 576 1001 sed
591 985 648 1006 gratias
662 990 690 1005 age
702 985 785 1004 Salvatori,
798 987 814 1001 et
826 990 849 1001 se-

475 1015 524 1031 quere
536 1015 579 1029 eum,
589 1010 724 1030 quemadmodum
737 1010 804 1030 ipsemet
814 1010 848 1025 aitt

475 1035 505 1053 Qui
516 1035 550 1051 vult
561 1035 616 1050 venire
628 1037 663 1055 post
674 1039 705 1053 me,
716 1034 783 1055 abneget
793 1036 850 1050 semet-
856 1040 922 1053 tamn.

93 1059 141 1075 Porro
148 1059 210 1075 Judaeurs
220 1059 307 1080 proditores
318 1061 407 1080 sequuntur
417 1064 448 1075 ma·
455 1059 468 1075 D
476 1060 534 1080 ipsum,
543 1061 559 1075 et
567 1059 610 1075 tollat
619 1064 683 1074 crucem
693 1064 738 1075 suam
748 1059 825 1079 quotidie,
833 1061 850 1075 et

72 1084 122 1099 litiosi
137 1085 153 1099 et
166 1083 223 1102 invidi,
236 1084 323 1104 prmsertim
338 1084 365 1104 qui
380 1084 447 1104 gratiam

72 1108 102 1124 Dei
115 1108 132 1124 in
144 1108 221 1129 proximis
234 1110 357 1129 persequuntur,
370 1111 385 1124 et
396 1109 448 1129 justos

71 1133 159 1149 diffamant
173 1135 200 1148 aut
214 1134 285 1153 gravant,
298 1137 329 1149 non
344 1133 448 1149 formidantes

71 1158 117 1179 quod
127 1158 142 1173 S.
150 1158 218 1174 loannes
228 1157 309 1178 apostolus
319 1157 335 1173 in
346 1162 374 1173 sua
384 1158 406 1173 ait
416 1158 449 1179 epi-

24 1192 64 1202 um...
72 1183 115 1199 stola
126 1183 178 1203 prima
186 1187 190 1198 z
198 1182 254 1198 Omnis
264 1182 292 1203 qui
303 1183 337 1198 odit
346 1182 410 1198 fratrem
423 1188 448 1199 su-

61 1213 108 1231 Διιιίι,
124 1207 204 1223 homicida
218 1209 253 1227 θείς
268 1209 284 1223 et
298 1212 359 1226 rursus,
372 1208 401 1226 Qui
415 1208 449 1223 odit

71 1233 140 1248 tratrem
150 1237 203 1250 suum,
212 1232 228 1247 in
238 1232 308 1247 tenebris
318 1234 346 1250 est,
355 1234 371 1248 et
380 1232 397 1248 in
406 1234 449 1248 tene-

72 1257 108 1273 bris
118 1257 194 1275 ambulat,
202 1258 218 1272 et
229 1256 280 1272 nescit
289 1261 321 1277 quo
331 1259 361 1275 eat,
373 1257 448 1277 quoniam

72 1281 145 1298 tenebrae
160 1282 281 1297 obcaecaverunt
296 1281 350 1297 oculos
365 1282 406 1302 ejus.
422 1282 448 1297 Isti

24 1301 40 1329 L„
48 1319 64 1331 ’δ’
73 1306 159 1322 imit-antur
173 1306 260 1324 diabolum,
272 1306 318 1326 juxta
333 1306 372 1322 illud
385 1306 449 1327 Sapien-

41 1327 44 1331 '
73 1331 96 1347 tis
106 1335 110 1346 :
119 1330 179 1346 Invidia
190 1330 249 1346 diaboli
262 1335 304 1346 mors
317 1330 388 1346 introivit
398 1331 415 1347 in
425 1335 449 1347 or-

475 1086 551 1105 sequatur
559 1083 643 1099 mebebet
650 1083 724 1104 equidem
732 1083 800 1104 quilibet
807 1083 850 1099 Chri-

475 1109 536 1125 stianus
548 1108 626 1129 abnegare
638 1108 692 1128 aliquo
704 1108 751 1124 modo
762 1112 779 1123 se
789 1108 848 1129 ipsum,

476 1133 549 1154 quamvis
559 1133 628 1153 religiosi
638 1133 719 1148 dumtaxat
726 1137 755 1153 per
762 1135 817 1148 votum
825 1137 849 1148 so-

477 1158 523 1173 lenne
535 1163 553 1174 se
564 1158 649 1178 abnegent.
662 1157 768 1173 obedientiam
784 1157 849 1178 promit-

476 1183 528 1198 tendo⁴
547 1183 581 1198 Uno
599 1182 678 1203 siquidem
696 1182 743 1198 modu
761 1187 778 1198 ae
796 1182 849 1203 ipsum

476 1208 560 1228 abnegare,
571 1209 596 1223 est
608 1207 688 1228 propriam
701 1207 798 1223 voluntatem
811 1207 850 1227 abii<

476 1237 518 1251 cere,
527 1234 574 1252 prout
583 1232 646 1252 propria
654 1232 728 1247 voluntas
735 1234 806 1250 vocatur,
814 1236 850 1252 qum

477 1257 509 1273 Deo
521 1259 537 1272 et
549 1256 596 1272 saluti
611 1256 689 1272 contraria
701 1258 734 1276 θείς
747 1256 802 1277 sieque
814 1260 850 1277 pro-

477 1282 527 1302 priam
538 1281 635 1297 voluntatem
647 1283 663 1296 et
674 1286 690 1297 se
702 1281 755 1302 ipsum
766 1281 849 1301 abnegare,

477 1308 501 1322 est
509 1311 556 1327 prava
565 1305 643 1321 desideria
653 1305 731 1326 frangere,
739 1305 777 1321 vitia
786 1310 850 1326 supera>

478 1336 500 1350 re,
508 1333 524 1346 et
531 1335 563 1346 non
572 1330 660 1346 secundum
671 1330 751 1351 propriam
762 1330 849 1345 inclinatio-
