1079 1569
19 1117 40 1128 ψη
44 1118 78 1130 nno.

19 1171 56 1180 mxxi.
59 1168 77 1179 in.

289 135 363 146 mmm
373 135 385 146 ΙΙ
395 134 432 146 POST
442 134 505 146 PASCUA<
516 139 536 141 —
546 134 596 146 imo
606 134 661 146 PfflUfl

832 129 863 146 ⁸7³

88 176 172 192 suffertis?
182 177 198 193 Si
210 179 263 193 autem
276 177 317 193 bene
327 177 404 193 facientes
415 177 462 193 susti-
469 177 482 193 A
490 177 590 197 spiritualem
599 177 694 198 proiectum,
702 177 753 192 simus
762 176 778 192 in
786 177 829 192 omni
837 177 863 192 ad-

88 201 136 220 netis,
144 201 177 217 haee
187 203 212 217 est
221 202 271 222 gratia
280 202 323 222 apud
333 202 383 218 Deum
392 206 396 217 z
405 202 421 217 in
432 202 462 217 hoe

88 225 132 241 enim
143 226 193 242 vocati
204 226 247 242 estis.

109 250 192 271 Deinceps,
206 251 277 267 Christus
291 251 340 272 bujus
352 251 420 272 triplicis
435 256 462 272 pa-

88 275 149 291 tientia
163 275 209 291 nobis
224 275 297 291 deditae
312 276 397 296 dereliquit
409 280 462 291 exem-

88 300 137 320 plum.
145 300 185 315 Nam
195 300 255 316 directo
263 305 281 316 ac
289 300 353 321 proprie
363 300 428 321 reliquit
436 305 462 316 no-

88 324 113 340 bis
126 324 218 345 exemplum
229 325 279 341 tertiae
291 324 377 346 patientia,
388 325 471 345 patiendo·

88 349 204 365 amarissimam
217 352 284 365 mortem
298 350 358 370 absque
369 349 414 365 omni
426 354 461 370 pro-

88 373 124 394 pria
133 373 186 395 culpa,
195 378 223 395 pro
233 379 277 390 mara
285 374 352 395 justitia.
361 374 417 390 Primo
424 378 462 390 vero

88 400 105 414 et
112 399 186 415 secundas
193 399 273 419 patientiae
281 399 327 415 nobis
337 399 402 420 reliquit
409 404 462 415 exem-

89 423 135 444 plum
148 428 177 444 per
188 423 241 439 ionum
254 428 263 439 a
276 423 331 444 majori
345 428 348 440 :
361 423 399 444 quia
411 428 461 444 quum

89 447 124 468 ipse
135 449 159 463 tot
170 448 210 464 dura
221 448 305 469 pertulerit
315 452 344 469 pro
354 448 415 468 justitia
427 448 462 464 abs>

489 201 564 217 versitate
573 204 590 217 et
599 202 702 217 tribulatione
710 201 770 222 jugiter
779 201 861 222 patientes.

490 226 509 242 Et
520 226 534 242 si
546 226 582 247 quis
594 226 646 242 adhue
658 227 680 242 ita
692 226 796 247 imperfectus
806 228 836 245 est,
846 228 864 241 ut

489 251 550 271 absque
561 255 590 267 suo
600 251 678 267 demerito
688 251 748 267 illatam
758 255 821 271 poenam
832 255 863 266 non

489 275 601 296 tequanimiter
610 275 655 294 ierat,
664 275 720 291 saltem
730 280 759 296 pro
767 275 801 291 suis
811 279 863 296 repre·

489 300 549 316 bensus
557 302 584 316 aut
591 300 657 321 punitus
664 300 739 321 peccatis,
745 300 823 321 patienter
830 304 864 315 sua-

490 324 543 340 tinent
556 324 615 340 Verum
630 326 667 340 sunt
681 324 731 345 aliqui
746 324 774 345 qui
788 329 805 340 se
821 325 864 345 ipsos

490 348 538 364 nimis
551 351 627 364 excusant
638 354 642 365 z
653 349 695 370 quod
707 354 727 365 ex
738 349 814 370 superbia
826 354 864 370 qua>

489 373 525 389 dam
538 373 579 389 solet
590 373 680 394 procedere.
694 373 778 395 Quumque
791 374 863 395 red-rgu-

490 400 543 416 untur,
554 400 631 414 excusant
642 403 665 417 se,
676 401 691 414 et
703 399 748 419 quasi
761 399 863 414 oonsolantur

489 427 506 438 se
514 423 563 443 ipsos,
569 423 642 441 dicendo,
647 423 690 439 Beati
699 423 726 444 qui
735 423 862 444 persecutionem
877 430 936 443 uanum,

489 447 572 468 patiuntur
579 449 644 468 propter
650 448 734 468 justitiam,
739 448 815 468 quoniam
823 448 864 469 ipso·
870 447 886 457 ¹⁰*

88 476 120 493 que
130 472 194 493 propria
205 472 257 493 eulpa,
267 473 319 488 multo
329 472 365 493 plus
376 472 461 488 Christiani
468 473 480 488 B
490 477 525 487 rum
533 474 557 488 est
565 477 631 492 regnum
640 472 725 492 eoelorum;
733 477 783 493 quum
792 472 822 493 ipsi
830 477 862 488 non

87 497 131 512 servi
146 497 197 518 ipsius
211 497 244 518 pati
256 497 315 513 debent
326 497 366 513 dura
378 499 394 513 et
405 502 462 518 aspera

88 521 157 537 libenter
164 526 193 542 pro
201 522 265 542 propria
273 521 328 542 eulpa3
336 524 352 537 et
360 522 398 538 item
407 526 461 543 qnam·

87 546 112 561 vis
124 546 188 566 eulpam
201 550 233 562 non
245 546 318 565 babeant,
331 551 381 567 quum
394 551 423 562 nee
434 551 462 567 op-

87 570 158 591 positum
167 570 219 591 eulpa
227 575 262 591 quin
271 571 295 586 eis
304 571 392 591 imputatur
400 571 462 591 egerint

88 595 154 611 bonum.
411 594 413 596 '

107 620 221 635 Verumtamen
234 620 250 635 in
264 620 337 641 qualibet
350 620 426 641 patientia
441 620 461 636 is-

87 646 103 660 ta
115 644 195 665 obligatur
206 646 278 665 tempore
290 646 381 666 opportuno
392 645 461 665 quilibet

86 669 185 685 Christianus
193 669 246 690 aliquo
254 669 301 685 modo
307 669 370 690 assequi
377 669 460 688 Christum,

86 693 162 709 videlieet
174 696 252 714 quantum
266 694 286 709 ad
299 694 335 712 hoe,
348 696 366 710 ut
377 696 461 715 quantum-

86 722 156 739 cumque
171 718 223 734 bonus
235 720 252 734 et
266 718 342 734 innocens
357 719 383 737 sit,
396 721 461 739 propter

86 743 131 759 illata
141 745 194 759 tamen
205 743 246 759 mala
256 743 326 764 poenalia
335 747 367 759 non
379 745 461 759 moveatur

489 499 555 517 propter
563 497 647 517 justitiam,
656 497 683 513 sed
693 499 759 518 propter
767 497 862 518 injustitiam

489 526 534 537 suam
546 521 630 542 patiantur.

509 546 590 565 Praewrea,
603 546 679 567 quoniam
691 546 750 562 laeobo
763 548 862 563 contestante

489 570 565 591 apostolo,
574 571 591 587 ln
602 571 657 587 multis
668 571 766 587 attendimus
776 576 838 590 omnes,
846 573 863 587 et
869 577 936 591 masana.

489 595 505 611 iu
517 595 662 611 innumerabilibus
674 595 732 616 culpis,
743 596 798 611 saltem
810 596 863 612 venia-

489 620 537 638 libus,
544 625 600 636 sumus
607 620 636 639 rei,
644 620 695 640 magis
702 625 750 641 quam
758 620 862 636 determinate

488 645 600 665 cognoscimus
606 645 679 665 (propter
688 645 731 665 quod
740 645 791 661 oravit
799 645 863 661 Psalmi-

488 670 512 685 sta
522 673 526 684 z
536 669 561 685 Ab
572 669 638 685 occultis
650 669 690 685 meis
700 670 760 685 munda
770 674 801 688 me,
810 670 862 686 Domi-
868 675 937 689 hmani.

488 694 523 714 ne);
534 694 572 709 binc
580 694 597 709 in
606 694 729 710 adver-sitatibus
738 694 816 715 patientes
827 699 862 710 esse

488 718 571 737 debemus,
581 719 655 739 quamvis
666 719 726 734 conscii
737 718 784 734 nobis
795 723 827 735 non
837 724 862 735 su-

489 748 524 759 mus
536 743 556 759 de
569 743 611 759 malo
623 743 665 764 quod
677 743 724 759 nobis
736 743 817 764 objicitur.
829 744 863 760 lino

86 768 106 783 ad
114 768 231 789 impatientiam
239 768 386 789 praedominantem,
395 773 430 789 quaa
437 773 461 784 ra-
470 769 481 785 C
488 770 548 789 quanto
558 768 594 788 quis
607 768 707 784 innocentior
717 768 770 787 tuerit,
781 770 825 784 tanto
835 773 862 790 pa—

86 793 147 808 tionem
155 793 222 808 omnino
231 795 305 811 excantat,
313 793 395 809 caritatem
403 793 461 809 exstin-

85 817 126 838 guit,
136 819 153 833 et
163 817 229 833 mortale
241 819 324 838 peecatum
335 819 364 833 est.
375 817 461 836 Quantum-

85 846 156 862 cumque
172 842 215 857 enim
230 842 267 863 quis
282 842 351 862 patiatur
366 842 425 862 injuste
439 842 460 858 ab

85 867 123 885 alio,
131 871 196 887 semper
202 868 255 882 tamen
263 868 327 882 tenetur
333 866 400 887 diligere
408 867 459 885 illum,

85 893 102 907 et
111 891 171 907 illatam
181 891 257 911 injuriam
267 891 282 907 ei
292 891 373 907 dimittere
382 893 460 912 quantum

85 916 105 932 ad
113 916 186 936 culpam
192 916 220 932 sed
228 920 291 937 poenam
299 921 327 932 seu
335 916 460 932 satisfactionem

86 941 167 956 interdum
180 941 243 961 exigere
255 942 308 961 potest
318 941 406 956 seeundum
417 943 460 956 teno-

86 970 120 981 rem
128 967 144 981 et
151 965 224 981 ordinem
233 965 279 985 juris,
287 965 372 986 Nunquam
380 970 418 985 ergo
425 970 460 986 pro-

85 992 122 1011 ptor
129 990 189 1005 illatam
196 990 272 1010 injuriam
281 990 380 1005 admittenda
386 992 410 1005 est
417 994 460 1010 pror—

85 1019 113 1030 sus
121 1014 226 1030 immoderata
233 1014 382 1035 praedurata-usqne
390 1014 459 1032 tristitia,

85 1039 185 1060 perturbatio
199 1044 227 1055 seu
242 1039 346 1059 impatientia,
359 1039 387 1054 sed
401 1039 460 1054 intuitu

488 793 545 808 tientia
555 797 584 808 sua
594 795 618 808 est
629 793 679 813 magis
690 793 771 809 meritoria
781 793 818 809 sibi*

508 817 589 836 Praeterea,
600 820 618 833 ut
628 818 701 838 exemplo
714 818 772 834 Christi
784 818 862 839 patientes

488 842 544 861 simus,
554 842 601 858 docet
610 842 695 863 Apostolus
706 847 754 863 quam
767 843 863 859 innocentis-

488 867 539 883 simus
551 866 603 883 iuerat
614 867 691 886 Christus,
704 867 831 888 patientissimus
846 868 862 883 in

488 891 542 907 verbis
551 893 567 907 et
578 891 629 910 iactis,
637 893 653 907 et
663 896 711 912 quam
722 892 829 908 amarissimas
840 892 862 908 ni-

488 916 521 932 hilo
531 916 585 932 minus
595 916 679 937 pertulerit
689 921 743 937 poenas
752 921 755 932 z
764 921 799 937 quas
809 917 863 933 omnia

488 941 557 956 reddunt
569 941 662 962 patientiam
674 941 733 957 Christi
747 942 797 962 magis
809 941 862 957 lauda-

488 965 543 984 bilem,
556 965 650 981 imitabilem
663 967 679 981 et
690 965 783 986 perfectam.
797 966 836 982 Hinc
848 966 862 982 si

488 990 546 1006 Christi
557 990 610 1011 passio
619 995 655 1006 eum
665 990 789 1006 circumstantiis
799 991 833 1006 suis
842 991 861 1007 ad

489 1015 582 1031 memoriam
592 1015 669 1035 sagaciter
677 1017 766 1034 revocetur,
774 1015 826 1031 omnis
834 1015 862 1031 tri-

488 1039 549 1055 bulatio
558 1039 668 1060 mquanimiter
677 1039 758 1055 toleratur.
767 1040 803 1055 Ideo
812 1040 861 1060 passi-

85 1065 102 1080 et
108 1068 162 1079 amore
170 1063 228 1080 Christi
238 1066 262 1079 est
271 1063 350 1082 evitanda,
359 1065 375 1079 et
383 1064 460 1084 patientia
468 1064 480 1080 D
487 1068 534 1080 onem
545 1064 603 1080 Christi
613 1064 684 1085 plenarie
693 1064 812 1080 consideremus
822 1069 861 1085 qno-

86 1088 190 1104 observanda.
199 1088 264 1109 Propter
274 1088 316 1109 quod
325 1088 345 1104 ad
355 1088 428 1104 flabrum
437 1088 460 1104 di-

86 1113 109 1129 cit
119 1113 204 1134 Apostolus
215 1117 218 1129 :
229 1113 305 1129 Patientia
315 1113 360 1129 vobis
371 1113 460 1129 necessaria

86 1140 116 1157 est,
127 1140 145 1153 ut
155 1138 196 1153 bene
207 1137 289 1156 iacientes,
300 1137 384 1158 reportetis
394 1138 460 1158 promis-

85 1163 153 1179 sionem.
162 1162 234 1179 Christus
241 1167 304 1183 quoque
312 1162 328 1178 in
337 1162 421 1183 Evangelio
430 1166 433 1178 :
442 1162 459 1178 ln

85 1187 163 1208 patientia
172 1187 239 1208 (inquit)
248 1188 300 1202 vestra
313 1187 414 1207 possidebitis
427 1187 460 1203 ani>

85 1217 120 1227 mas
131 1213 197 1227 vestras*
206 1212 250 1227 Unde
260 1211 302 1227 sieut
312 1212 328 1227 in
338 1211 373 1232 ipsa
383 1211 459 1232 patientia

84 1237 139 1252 anima
150 1236 245 1257 possidetur,
254 1236 275 1251 ita
286 1236 302 1251 in
314 1236 413 1256 impatientia
425 1241 460 1257 per-

51 1270 62 1277 ¹.
73 1261 134 1279 ,ditur,
144 1261 186 1277 sient
197 1263 213 1276 et
223 1260 298 1276 Salomon
311 1262 405 1281 protestetur
415 1265 419 1276 t
429 1261 459 1279 Oui

85 1286 171 1306 impatiens
178 1287 208 1304 esty
216 1285 274 1301 exaltat
281 1285 366 1300 stultitiam
373 1289 423 1301 snam.
430 1285 459 1301 lta-

84 1315 122 1331 que,
133 1312 199 1331 propter
210 1310 267 1328 Deum,
277 1311 342 1330 propter
354 1309 412 1325 Christi
424 1315 459 1331 pas-

83 1335 146 1351 sionem
156 1337 173 1350 et
182 1334 293 1353 imitationem,
302 1336 367 1355 propter
376 1335 459 1356 proprium

487 1089 531 1107 tidie,
542 1091 558 1104 et
568 1094 603 1105 eam
615 1089 697 1104 imitemur
707 1089 790 1109 condigne*
801 1089 834 1105 lmo
845 1091 862 1105 et

487 1113 574 1134 gloriemur
585 1114 601 1129 in
612 1113 684 1131 Domino,
693 1113 731 1129 dum
743 1115 808 1134 propter
818 1114 861 1130 Chri-

487 1140 530 1154 stum
541 1143 626 1159 possumus
637 1138 670 1159 pati
680 1138 752 1157 adversa,
760 1138 815 1159 sicque
825 1143 861 1154 eon-

487 1162 552 1178 formari
563 1162 615 1178 eidem
626 1168 630 1179 z
641 1162 678 1183 quia
688 1164 706 1178 nt
715 1164 779 1179 sauctus
790 1162 861 1184 loquitur

487 1187 581 1208 Cyprianus,
593 1192 694 1208 nequaquam
709 1187 766 1208 dignus
780 1189 805 1203 est
819 1188 860 1204 chri—

486 1212 548 1227 stianus
558 1212 617 1230 vocari,
626 1212 653 1233 qui
664 1212 681 1228 in
692 1212 778 1228 virtutihus
788 1217 819 1228 non
829 1215 860 1228 sat-

486 1236 519 1257 agit
526 1236 589 1252 Christo
596 1236 686 1252 assimilari,
694 1237 759 1257 Propter
768 1237 811 1257 quod
819 1237 860 1258 ipse-

487 1263 520 1277 met
526 1261 601 1280 aitzouid
609 1261 669 1277 vocatis
677 1261 858 1281 me‚uornine,nornine‚
866 1267 933 1281 mamm

486 1288 502 1301 et
513 1290 545 1301 non
556 1286 608 1301 facitis
618 1286 660 1306 qnod
671 1286 707 1302 dieo
714 1287 721 1301 t

511 1311 582 1331 Insuper,
597 1315 628 1326 non
643 1310 694 1326 solum
710 1310 787 1326 debemus
801 1310 859 1326 Christi

487 1335 560 1356 exemplo
572 1335 637 1351 adversa
649 1335 760 1356 equanimiter
771 1335 819 1354 ferre,
832 1335 859 1352 ted
