1079 1569
152 407 196 418 untia.

138 426 167 436 nav,
174 423 192 434 ti,

212 157 280 173 sti-nem
292 157 370 173 acerrime
382 157 462 178 persequi,
474 159 489 173 et
501 157 558 173 fideles
570 157 587 173 in
594 157 607 173 Δ
615 157 648 173 bari

212 181 245 197 fide
257 183 347 198 constantes
357 182 457 198 atrocissime
467 182 555 202 trucidare3
564 184 587 198 at-

212 211 244 227 que
256 206 382 222 innumerabiles
394 206 461 227 populos
472 206 516 222 fallet
527 211 545 222 ac
556 206 586 222 sibi

212 231 289 251 adjunget
300 231 349 247 variis
362 231 419 250 modis,
427 231 456 247 hoc
469 233 493 247 est
501 236 505 247 2
514 236 543 252 per
555 236 588 247 mu-

212 260 256 274 nera,
264 260 293 276 per
300 256 352 271 minas
359 258 375 271 et
382 256 495 274 blandimenta,
502 260 531 276 per
538 256 588 271 tribu-

213 280 280 296 lationes
287 285 327 301 quas
335 280 392 296 inferet
400 280 499 299 Christianis,
504 280 520 296 iu
528 280 587 301 quibus

212 305 260 320 multi
273 305 358 325 desieient;
370 310 399 326 per
410 305 501 321 simulatam
513 304 587 320 sanctita-

212 331 251 348 tem,
260 334 289 350 per
295 330 406 350 allegationem
415 330 533 350 Scripturarurn
543 329 587 345 falla-

212 358 253 372 cem,
262 358 291 374 per
302 354 382 370 mirabilia
393 354 438 374 signu
448 359 484 375 quae
495 354 543 369 saciet
553 354 587 375 ipse

212 380 229 394 et
240 378 276 399 ejus
288 378 370 397 satellites,
381 384 416 399 qum
428 383 458 399 ope
470 378 529 394 diaboli
541 378 586 394 fient.

212 403 252 419 Eine
268 403 309 419 sicui
324 403 395 419 Christus
411 403 489 424 praedixit,
503 403 534 418 erit
549 405 587 418 tunc

212 427 294 444 tribulatio
301 428 338 443 talis
348 428 400 448 qualis
406 428 427 443 ab
437 428 483 444 initio
491 428 546 443 mundi
555 432 587 443 non

421 115 496 127 ῺΟΙΙῊΙΕΔ
506 115 512 126 ῐ
521 114 606 127 mvmvs.
617 119 637 123 -·
647 114 697 127 fimi)
707 115 776 129 Quamne

664 162 668 173 z
682 157 717 173 ideo
731 161 767 173 reor
781 157 860 173 incertum
875 157 952 178 quamdiu
967 157 988 173 sit

614 182 693 198 duratura.

634 207 704 222 Instante
713 206 789 227 deinceps
797 206 823 223 die
832 206 895 227 judicii,
903 206 988 222 succende-

615 233 641 247 tur
652 231 707 247 diviua
718 231 777 247 virtute
789 231 830 252 ignis
843 231 972 252 conflagrationis
984 236 988 247 z

615 256 642 277 qui
655 256 734 272 elementa
747 256 826 277 purgabit,
837 256 912 272 videlicet
924 258 988 274 terram,

615 286 672 302 aquam
683 283 699 297 et
709 286 768 300 aerem,
779 283 794 297 et
805 281 859 297 omnia
869 283 915 297 terrae
924 285 989 296 nascen-

615 305 637 321 tia
649 307 665 321 et
677 305 727 321 mixta
738 310 757 321 ac
769 305 852 325 animalia;
865 305 938 321 homines
950 309 988 325 quo-

615 335 646 351 que
661 334 701 351 quos
715 330 760 346 vivos
776 330 860 348 invenerit,
874 330 946 346 destruet
960 334 987 345 seu

615 354 682 370 occidet.
694 354 770 370 Homines
780 357 833 370 autem
844 354 872 375 qui
883 354 900 370 in
913 354 941 370 illo
951 354 988 374 igue

615 379 713 398 occidentur,
731 384 768 394 cum
785 379 821 395 eliis
838 383 874 394 mox
891 381 987 399 resurgent3

615 403 677 424 eritque
690 403 717 419 ille
729 403 771 424 ignis
786 403 832 419 honis
848 408 877 424 pro
889 403 986 424 purgatorio,

615 428 628 443 si
640 428 725 444 habuerint
736 428 774 449 quid
786 428 890 448 purgandum.
900 427 988 448 Occupabit

178 450 182 454 ”
212 452 244 468 ruit
253 457 283 468 nee
292 452 327 468 erit.
336 452 380 471 Quod
390 452 438 468 etiam
450 452 466 468 in
476 452 541 468 Daniele
550 452 587 468 scri·
596 452 608 468 B
615 457 679 473 quoque
694 453 735 473 ignis
747 453 774 469 ille
789 454 851 469 tantum
863 453 883 469 de
895 453 947 473 spatio
957 453 987 468 sic-

212 479 257 498 ptum
266 479 295 495 est,
303 476 376 493 Gabriele
383 477 439 497 augeio
446 477 466 493 ad
475 477 557 493 Danielem
565 477 587 493 lo-

172 509 190 519 m.
201 514 204 516 .
212 503 271 522 quente
278 506 282 517 z
289 501 306 517 In
314 503 387 522 ternpore
394 501 422 517 illo
429 503 514 522 consurget
521 501 587 517 Michael

151 701 195 713 ιωιΛ.

138 721 166 731 mv,
173 718 190 728 n.

149 851 179 862 μοι,
186 854 205 864 ιιι,

139 868 156 880 u.
163 868 180 878 ιι.

140 1072 150 1099 ²t
154 1072 193 1083 nm.
196 1075 206 1085 v.

153 1145 197 1157 unna*

140 1165 168 1174 mv.
171 1162 206 1174 ημῖν.

141 1244 206 1257 ιιωιιιυ,

211 526 287 547 princeps
297 530 370 546 magnus,
378 527 394 541 et
401 526 455 541 veniet
466 528 530 546 tempus
540 526 587 546 quale

211 551 243 566 non
256 550 287 566 tuit
299 550 319 566 ab
333 555 352 566 eo
365 555 384 566 ex
396 555 428 571 quo
440 552 495 571 gentes
509 555 544 566 esse
556 555 587 566 coe-

211 577 270 596 perunt
281 580 332 596 usque
344 575 364 591 ad
376 577 439 596 tempus
453 575 497 591 illud.
509 575 587 593 Quemad-

211 600 277 616 modum
288 602 341 616 autem
353 599 443 620 persecutio
452 599 546 615 Antichristi
557 600 587 615 erit

211 624 321 640 crudelissima
330 626 378 645 atque
387 624 487 645 gravissima,
495 624 518 640 sic
528 626 544 640 et
554 624 588 640 bre

211 649 277 665 vissima
284 649 315 665 erit
323 653 327 664 z
335 649 373 669 qnia
383 654 412 670 per
419 653 469 665 annos
477 651 510 664 tres
520 653 557 664 cum
565 649 587 664 di-

211 674 261 690 midio
272 674 302 689 erit
313 674 372 689 durans
383 675 461 694 quantum
473 673 492 689 ad
502 673 587 689 vehemen-

211 699 250 714 tiam
258 703 308 714 suam*
315 698 380 719 Propter
387 698 430 719 quod
437 698 459 714 ait
466 698 538 714 Salvator
544 702 547 713 t
553 698 587 714 Nisi

211 723 299 739 abbreviati
308 723 376 738 fuissent
383 723 418 738 dies
426 722 455 741 illi,
463 727 495 738 non
504 722 551 738 fieret
558 722 587 738 sel-

616 479 633 493 ut
647 479 765 498 occupaverunt
776 482 822 498 aquae
835 477 897 496 diluvii,
910 478 931 493 ita
945 477 987 498 quod

615 502 707 522 quindecim
720 502 778 518 cubitis
791 502 822 517 erit
834 502 915 518 montibus
928 502 987 521 altior;

615 531 645 542 nec
659 526 738 547 pertinget
751 531 802 547 usque
815 527 835 542 ad
849 526 927 547 sphaeram
940 526 987 544 lunae.

615 553 633 567 ut
643 551 708 571 quidam
719 551 798 566 dixerunt.
810 551 829 567 Et
839 551 869 567 hoe
881 556 930 572 super
941 556 987 572 quar·-

615 578 649 591 tum
661 575 778 591 Sententiarum
790 575 847 596 probat
855 576 923 591 Thomas
935 577 988 591 aucto-

615 600 661 616 riute
676 600 761 621 Scriptum
776 604 779 616 :
794 600 869 621 quoniam
885 600 902 616 in
919 600 988 616 secunda

615 624 630 640 S.
638 624 679 640 Petri
689 624 767 640 Canonica
775 624 856 643 scribitur,
864 625 907 645 quod
918 624 941 640 illi
952 624 988 640 eceli
1002 629 1055 640 umm-

615 651 715 665 reservantur
728 649 765 669 igni,
773 649 801 670 qui
814 649 879 665 fuerunt
891 654 920 670 per
930 654 988 669 aquarn
995 646 1006 656 ⁷·

615 673 682 694 purgati.
695 674 792 694 Augustinus
804 678 868 694 quoque
880 674 957 690 vicesimo
969 674 988 690 de

615 698 681 714 Civitate
694 698 722 714 nei
733 698 809 717 affirmat,
823 698 865 719 quod
879 698 907 714 ille
919 698 988 715 mundus

615 723 642 743 qui
652 722 713 738 diluvio
724 723 777 743 periit,
786 723 819 743 igni
829 725 923 739 reservatur.
934 723 954 739 Et
963 723 989 738 Pe—

211 752 231 763 va
238 747 291 763 omnis
299 752 344 767 caro3
352 747 380 763 sed
389 749 453 768 propter
460 747 519 763 electos
527 747 588 763 brevia·
597 748 608 765 C
615 749 649 763 trus
663 747 744 768 apostolus
758 747 828 768 loquitur
842 747 862 763 de
876 747 921 763 coelis
935 747 987 763 aeriis.

211 772 275 788 buntur.

232 797 297 815 Deinde,
305 797 403 813 Antichristo
412 796 471 815 occiso,
480 801 521 817 pene
532 801 588 812 omnes

212 823 325 838 convertentur
335 821 354 837 ad
363 821 449 840 Christum,
457 823 473 836 et
483 821 524 837 sicut
533 823 588 842 praeta-

212 848 256 862 ctum
266 848 291 862 est
299 848 347 867 atque
357 851 376 862 ex
384 846 448 862 Daniele
458 846 536 866 propheta
546 846 589 862 clici-

212 873 244 889 tur,
257 870 361 891 quadraginta
374 870 446 891 quinque
459 870 493 886 dies
508 870 589 886 dabuntur

212 898 251 911 tune
260 895 279 911 ad
289 895 399 916 poenitendum
410 895 435 910 his
446 895 474 916 qui
481 895 502 910 ab
509 895 588 911 Antichri-

213 922 237 936 sto
248 920 310 941 decepti
323 920 417 935 exstiterint.
428 920 542 935 Verumtamen
554 920 588 940 qui-

213 945 249 961 dam
258 944 373 960 induratissirni
381 944 532 965 sceleratissimique
540 949 559 960 ex
567 949 589 960 se-

213 969 290 985 tellitibus
298 969 391 985 Antichristi
399 973 431 984 non
439 968 548 989 poenitebunt;
556 969 589 985 imo

213 994 285 1009 videntes
299 993 376 1009 mundum
389 998 422 1009 non
436 993 490 1009 statim
502 993 552 1012 finiri,
566 993 589 1009 di-

213 1020 250 1034 cent
262 1023 266 1034 z
277 1018 352 1036 Quamvis
364 1018 440 1038 princeps
452 1019 505 1033 noster
516 1017 536 1033 sit
549 1022 590 1034 mnn-

615 772 664 793 Aquae
674 774 727 788 autern
737 772 793 788 diluvii
803 776 835 788 non
845 772 957 793 pertingebant
963 777 989 788 us-

615 801 646 817 que
654 796 673 812 ad
680 796 736 812 orbem
745 796 823 815 lunae,sed
830 796 923 817 quindecim
931 796 989 812 cubitis
997 801 1050 813 anne·

616 825 664 841 super
677 821 770 837 altitudines
785 821 863 836 montium
879 820 942 836 stabant
955 825 959 837 ι
973 821 989 836 in

616 847 677 861 tantum
689 850 726 866 ergo
737 845 778 866 ignis
790 845 816 861 ille
827 845 906 861 ascendet.

636 870 717 888 Praeterea,
725 870 787 886 Christo
795 875 812 886 se
820 872 893 886 movente
900 870 920 886 ad
927 870 991 886 descen-

616 894 686 910 dendum
698 895 717 910 ed
729 894 781 910 locum
791 894 854 915 judicii,
864 895 956 910 Michaelem
967 895 991 915 (ut

617 919 666 940 aliqui
678 919 742 940 dieunt)
752 919 843 940 praemittet,
853 919 881 940 qui
893 919 936 935 dicet
944 924 948 935 τ
956 919 991 935 Sur-

617 944 654 964 gite,
663 944 728 962 mortui,
736 944 789 960 venite
796 944 816 959 ad
822 944 907 964 judicium.
915 944 960 959 Tune
967 949 991 959 su-

618 969 651 984 bito
662 973 691 989 per
701 968 833 989 omnipotentiam
845 969 873 984 Dei
883 969 913 984 fiet
922 973 990 984 resurre-

617 993 649 1009 ctio
664 995 769 1011 mortuorum,
784 995 800 1009 et
814 993 885 1009 Christus
900 993 989 1011 descendet,
1002 999 1054 1010 inm-¹.

617 1018 659 1033 sicut
671 1018 693 1033 ait
704 1018 795 1038 Apostolus,
808 1018 825 1033 in
836 1018 882 1038 jussu
894 1020 910 1033 et
923 1018 940 1033 in
953 1022 990 1033 voce
999 1016 1016 1026 ¹⁶·

214 1045 256 1061 tuus,
267 1047 295 1058 uos
308 1045 361 1058 tamen
374 1047 430 1063 pacem
443 1042 525 1058 habemus.
539 1042 558 1058 Et
570 1042 589 1058 do
598 1044 610 1059 D
617 1042 717 1063 Archangeli,
728 1044 744 1058 et
755 1042 771 1057 in
782 1042 820 1058 tuba
831 1042 863 1058 Dei.
871 1042 934 1058 Christo
944 1042 991 1062 igitur

214 1067 249 1083 istis
256 1067 351 1087 intelligitur
358 1067 400 1087 quod
408 1067 430 1082 ait
437 1066 521 1087 Apostolus
528 1071 531 1082 τ
537 1067 589 1085 Quum

213 1092 288 1110 dixerint,
297 1092 327 1107 Pax
335 1093 351 1107 et
358 1091 440 1110 securitas,
449 1093 487 1107 tuno
495 1091 589 1112 repentinus

213 1116 237 1132 eis
247 1116 350 1137 superveniet
360 1116 439 1132 interitus.
448 1116 492 1134 Quod
501 1116 539 1131 item
547 1116 589 1136 apud

213 1141 304 1157 Mattianum
316 1140 387 1161 loquitur
397 1140 468 1156 Christus
477 1145 481 1156 2
490 1140 534 1156 Sicut
544 1142 590 1156 erant

214 1165 229 1181 in
242 1165 298 1181 diebus
312 1165 345 1181 Noe
360 1165 425 1181 edentes
437 1167 453 1180 et
467 1164 546 1183 bibentes,
558 1166 588 1180 etc.

213 1190 249 1206 Post
258 1190 292 1206 dies
304 1194 341 1205 vero
352 1189 388 1205 illos
398 1189 502 1210 quadraginta
511 1189 589 1210 quinque,

213 1215 267 1230 statim
276 1215 352 1230 evenient
360 1215 405 1235 signa
415 1214 434 1230 de
443 1214 502 1235 quibus
512 1214 590 1235 praehabi-

213 1241 247 1255 tum
259 1241 288 1258 est,
298 1239 360 1255 scilicet
368 1244 372 1254 ι
381 1239 431 1254 Erunt
442 1239 487 1259 signa
499 1239 515 1254 in
527 1239 561 1254 sole
573 1241 589 1254 et

214 1264 256 1283 luna,
267 1266 297 1280 etc.
308 1264 365 1280 Putant
376 1263 432 1284 aliqui,
444 1264 486 1284 quod
498 1263 589 1279 obscuratio

213 1293 241 1304 seu
252 1288 279 1304 illa
290 1288 355 1309 eclipsis
365 1288 429 1304 durabit
440 1293 469 1309 per
478 1288 536 1304 multos
549 1288 588 1306 dies,

214 1313 256 1334 quod
266 1317 298 1330 non
306 1313 370 1330 videtur
376 1318 396 1329 ex
404 1313 490 1335 scripturis
499 1317 545 1334 pesse
553 1317 588 1334 pro-

617 1067 636 1082 ad
645 1067 750 1087 judicandum
760 1067 830 1085 sedente,
838 1067 886 1082 stabit
896 1067 965 1082 mundus
975 1067 990 1082 in

617 1092 654 1112 igne
661 1091 796 1112 conflagrationis,
804 1091 831 1112 qui
841 1092 928 1107 electurum
937 1096 991 1112 corpo-

617 1121 634 1132 ra
645 1121 676 1132 non
686 1116 754 1137 affliget,
762 1116 896 1137 quemadmodum
909 1116 950 1136 iguis
961 1116 991 1132 sor*
998 1120 1053 1132 nan-„a

617 1141 661 1156 naeis
672 1145 703 1156 non
711 1141 751 1157 laesit
758 1141 918 1159 Ansniam,A7,ariam
926 1143 942 1156 et
949 1140 992 1156 uisa-

617 1165 664 1184 elem,
670 1167 687 1181 ut
695 1165 710 1181 in
719 1165 783 1181 Daniele
791 1165 862 1181 habetur.
868 1165 949 1186 Reprobos
957 1170 992 1181 veru

618 1190 645 1205 ille
657 1190 698 1210 ignis
709 1190 784 1206 incendet
794 1192 810 1206 et
820 1190 919 1206 amarissime
930 1190 990 1211 puniet.

617 1215 663 1230 Facta
671 1215 735 1230 demum
742 1215 842 1230 discussione
849 1215 992 1234 meriwrum,0hri-

617 1241 651 1254 stus
658 1239 700 1254 dicet
708 1239 763 1255 electis
772 1243 775 1254 :
784 1239 845 1257 Venite,
853 1239 933 1255 benedicti
942 1239 990 1255 Patris
998 1244 1053 1255 uultu-

618 1263 654 1282 mei,
667 1264 747 1284 possidete
759 1266 831 1284 paratum
844 1264 889 1279 vobis
904 1268 970 1284 reguum
982 1262 1016 1279 ast

616 1288 730 1304 constitutione
743 1288 803 1304 mundi⁴
812 1288 872 1304 Deinde
883 1288 955 1304 dicturus
967 1290 992 1304 est

616 1312 676 1334 impiis,
685 1317 753 1334 quorum
764 1317 830 1334 corpora
839 1314 886 1329 erunt
896 1313 929 1329 luto
939 1312 991 1334 plum-
