1079 1569
28 424 61 434 um.

23 698 49 709 Luoe.
54 702 65 711 x,
71 699 87 709 ιο.

31 996 77 1006 Mam.

20 1015 46 1023 «ιι-ι,
52 1013 62 1024 2.
69 1013 79 1022 ι4

276 131 350 143 nonnum
362 131 373 143 11
384 131 420 143 FDST
430 131 495 143 PASGEA·
506 135 526 138 -
536 131 586 143 §Euo
596 131 659 143 ’rannus

842 127 873 143 2583

116 174 195 193 Secundo,
208 174 242 190 ovis
255 176 279 190 ost
290 174 349 190 animal
362 173 443 194 dirigibile
455 175 471 189 et
478 174 490 189 Α
499 173 529 189 lico
537 173 562 189 vel
570 173 630 193 divino,
634 176 661 190 aut
668 173 707 190 foris
714 174 735 190 ab
742 174 807 190 homine
814 174 872 195 aliquo,

95 198 178 217 obediens,
186 203 254 219 pergens
261 203 294 220 quo
301 201 355 219 pastor
362 198 416 219 dirigit
424 198 470 214 bacu-

96 223 129 239 lum
136 228 140 243 ;
148 228 178 239 nec
188 225 271 244 repugnat,
279 228 309 239 nec
319 223 368 239 instar
376 223 419 239 oanis
430 228 470 239 rnor-

95 248 122 264 det
133 248 150 264 in
162 248 243 264 baculum.
252 248 278 264 Sic
290 253 346 264 omnes
357 248 443 264 Christiani
455 250 471 263 et

95 272 155 288 subditi
166 272 226 289 debent
235 272 345 293 superioribus
354 273 388 288 suis
398 273 414 288 in
422 272 471 288 licitis

96 299 112 313 et
122 297 199 316 honestis,
207 302 226 313 ac
237 297 355 318 perimentibus
365 297 385 313 ad
396 297 469 315 salutem,

96 324 170 342 prompte
177 324 225 343 atquc
232 322 304 338 hilariter
311 322 382 340 obedire,
390 324 407 337 et
416 322 470 342 dirigi-

96 346 137 362 biles
144 351 185 366 esse,
193 351 226 363 non
236 347 309 365 rebelles,
318 351 347 362 nec
355 346 445 367 pertinaces
453 347 470 362 in

96 372 178 392 proposito
186 376 220 390 suo,
226 372 254 387 sed
262 371 351 387 rationabili
361 371 470 387 informationi

95 397 221 417 acquiescentes.
228 396 268 412 Hinc
275 397 294 412 ad
303 396 376 412 Plebi-mos
384 396 423 412 dicit
430 397 470 417 Apo-

66 427 88 436 ¹=··.
96 421 146 437 stolus
155 426 159 437 1
167 421 233 437 Obedite
243 421 332 442 pmpositis
340 420 403 439 vestris,
411 422 427 436 et
434 421 471 436 sub-

95 446 147 466 jacete
160 446 201 466 iltis;
213 446 244 466 ipsi
257 446 301 461 enim
316 445 411 466 pervigilant
426 445 471 466 quasi

498 198 540 214 dieat
548 199 620 219 proximo
630 203 664 217 suo,
672 199 718 217 Veni,
727 199 742 214 id
752 201 781 217 est,
790 199 847 215 invitet
854 204 873 214 ac

498 223 550 238 trahat
560 228 597 238 eum
608 223 627 239 ad
639 223 729 239 faciendum
741 223 782 239 bona
792 228 828 244 qum
839 223 873 244 ipsa

498 248 559 263 audivit
573 252 608 263 esse
622 248 688 268 agenda,
701 250 719 263 ιιι
733 248 791 264 habeat
805 253 842 264 eum
856 248 873 264 in

498 272 545 288 bonis
552 272 628 293 operibus
635 273 702 288 socium,
708 273 741 288 Hoc
749 275 773 288 ost
780 273 823 293 quod
830 273 873 294 prin—

498 302 536 317 ceps
546 297 657 317 Apostolorum
668 298 740 313 hortatur
749 302 752 313 :
761 298 872 318 Unusquisque
885 303 915 314 1⁹21
916 306 945 315 .....

498 322 540 337 sicut
547 322 609 342 accepit
617 322 690 342 gratiam,
698 322 715 338 in
725 322 820 338 alterutrum
829 322 872 338 illam
880 319 896 329 ¹⁰⁴

498 347 632 362 administrantes.
645 347 692 363 Porro
704 347 730 363 his
742 347 839 363 contrarium
852 347 873 363 fa-

498 371 549 389 ciunt,
561 371 589 392 qui
601 371 640 387 alios
653 371 718 387 trahunt
730 371 749 387 ad
761 371 843 390 vanitates,
854 372 873 387 ad

499 396 596 416 iniquitates,
604 396 623 412 ad
636 396 686 417 iocos,
697 396 748 415 ludos,
759 396 830 415 choreas,
838 401 873 417 spe-

498 421 566 439 oracula,
571 421 700 439 comessationes,
707 421 801 442 potationes,
806 421 874 441 loquaci-

499 447 544 463 tates,
551 445 694 464 lascivias.0uibus
702 450 733 461 non
741 445 802 461 sufficit
810 446 874 461 damna-

96 470 174 486 ratiouem
183 475 211 491 pro
221 470 306 486 animabus
315 470 373 486 vestris
383 470 470 486 reddituri:
480 470 492 486 B
500 470 522 486 tio
529 470 629 491 pmpriu‚sed
638 470 653 486 in
662 475 679 486 se
686 470 800 486 transfundunt
807 470 874 486 aliorum

96 497 114 510 ut
121 500 159 511 ourn
166 495 224 515 gaudio
231 495 261 511 hoe
269 495 334 513 faciant,
342 496 358 510 et
366 499 397 510 non
407 499 471 515 gemen-

96 522 125 535 tes.
134 519 243 536 lnobedientia
253 524 323 540 namque
333 524 361 535 seu
372 519 438 535 rebellio
447 521 472 535 est

96 544 194 560 diabolicum
209 544 271 560 vitium.
285 544 316 560 llac
331 544 441 564 dirigibilitate
455 546 472 560 et

96 569 188 585 obedientia
198 571 257 587 carent,
266 569 294 590 qui
304 569 344 585 festa
351 571 367 584 et
373 569 436 589 jejunia
443 569 472 585 Ec-

96 593 149 609 clesiae
157 598 189 609 non
196 593 287 612 observant,
295 598 325 609 nec
335 595 388 609 cetera
396 598 431 614 qum
437 593 471 614 jus-

96 618 117 634 sit
132 618 208 637 Ecclesia,
224 620 240 634 et
254 618 281 639 qui
296 618 387 639 superiores
401 623 438 634 suos
452 619 471 634 de

96 643 140 659 facili
148 645 232 663 spernunt,
239 643 312 663 judicant
319 645 335 659 et
342 643 433 662 diffamant,
439 648 470 659 nnn

95 668 196 683 attendentes
204 668 245 688 quud
254 667 325 684 Christus
335 668 357 683 ait
363 668 428 683 vicariis
438 668 471 684 suis

96 692 165 713 praelatis
174 697 177 707 :
186 692 215 711 Qui
223 697 251 708 vos
260 692 310 711 audit,
319 697 345 708 me
355 692 410 712 audit;
417 694 433 708 et
443 693 471 713 qui

95 721 123 733 vos
136 717 202 737 spernit,
211 722 237 733 me
249 717 315 737 spernit.
327 717 366 735 imo,
375 717 388 732 si
400 719 471 738 pastores

95 746 113 758 ac
126 742 230 762 presidentes
242 742 274 757 sint
288 742 372 757 manifeste
385 742 471 763 reprehen-

499 497 564 515 peceata
574 499 578 510 :
589 495 625 511 ideo
635 499 666 511 nun
677 497 714 511 sunt
723 499 761 511 oves
771 495 835 514 Christi,
846 495 874 511 sed

499 519 548 538 heedi,
554 521 570 535 et
578 520 688 538 instrumenta,
697 522 808 540 cooperatores
817 520 875 536 satelli—

499 546 555 564 tesque
565 544 630 563 diaboli,
638 549 656 560 ac
667 544 754 560 adversarii
766 544 800 563 Dei,
808 546 824 560 et
835 544 874 560 mul·

499 571 533 584 tum
545 569 614 584 odibiles
627 569 648 585 ei.
659 569 688 587 Oui
701 569 762 585 utinam
774 569 875 585 adverterent

499 593 540 614 quod
548 593 589 614 apud
597 593 687 609 Matthaeum
695 593 718 609 ait
725 593 817 614 Unigenitus
825 594 874 610 Patris

499 618 553 634 oetemi
563 622 566 633 :
575 618 601 634 Vae
611 618 672 634 homini
683 623 712 639 per
722 623 771 639 quern
782 618 874 634 scandalum
895 624 920 634 aaa

499 643 548 658 venit.

519 667 586 688 Insuper
597 667 650 683 omnis
661 667 760 683 Christianus
770 672 789 683 ac
800 668 874 683 subditus

498 691 547 707 debet
556 696 590 707 esse
601 691 684 710 fecundus,
693 691 709 707 id
719 694 743 707 est
753 692 828 708 virtuosis
838 696 875 712 ope-

499 716 544 732 ribus
551 716 608 737 plenus
615 720 618 731 :
628 718 645 731 ut
653 716 669 731 in
677 718 731 732 mente
738 716 796 732 babeat
803 716 875 733 salubres

499 741 607 761 cogitationes,
619 740 709 756 caritativas
722 741 821 760 affectiones,
834 741 875 757 salu-

95 766 156 785 sibiles,
169 766 221 782 adhuc
232 768 285 782 tamen
299 768 337 782 sunt
349 766 443 785 honorandi,
454 767 470 782 in
480 768 490 784 C
499 765 533 781 bria
541 770 604 786 quoque
616 765 703 786 proposita,
711 765 728 781 in
737 770 769 784 ore,
778 771 820 785 vera,
829 766 875 782 utilia

95 793 173 812 quantum
181 793 219 807 sunt
228 791 283 807 vicarii
292 791 356 809 Christi,
365 793 381 807 et
390 791 471 812 praelatica

95 818 173 837 potestate
183 821 211 831 seu
223 816 324 836 praesidentia
334 816 425 836 sublimati5
434 816 470 832 obe-

95 841 172 857 diendum
180 844 244 861 quoque
252 842 276 856 est
284 840 307 856 eis
315 840 331 856 in
339 840 364 856 his
372 845 407 861 qum
415 845 470 856 eorum

95 867 195 881 concernunt
204 865 282 881 officium.
291 865 310 880 Et
321 865 394 886 quamvis
405 870 436 881 non
448 866 470 881 vi-

95 892 133 906 vant
141 892 158 905 ut
165 890 229 907 docent,
237 889 288 905 nihilo
296 889 349 905 minus
356 889 394 905 boni
402 889 470 910 pruden-

94 917 151 935 tesque
165 914 225 930 subditi
241 914 285 934 sequi
300 916 316 929 et
329 914 397 934 implere
412 914 470 930 debent

95 939 175 955 salubrem
184 943 239 954 eorum
247 938 341 957 doctrinam,
350 943 379 954 nec
387 939 432 959 sequi
440 944 470 954 nec

94 964 177 984 adspicere
190 963 333 984 reprehensibilem
346 968 401 979 eorum
415 963 468 979 vitam.

95 989 135 1004 Hinc
143 988 159 1004 in
168 988 254 1008 Evangelio
263 988 285 1003 ait
295 988 365 1004 Salvator
374 992 377 1003 z
386 988 437 1008 Super
445 993 470 1004 aa>

95 1013 167 1029 thedrarn
175 1012 232 1033 Moysis
242 1013 318 1028 sederunt
327 1012 386 1028 Scribas
395 1014 411 1028 et
418 1012 470 1028 Phari-

94 1037 121 1053 saei
128 1042 243 1058 :quaecumque
250 1041 288 1057 ergo
295 1037 351 1052 dicunt
358 1036 469 1057 vobis,1acite;

498 792 514 806 et
525 790 629 806 mdificatoria
641 790 696 809 verba,
704 792 752 811 atque
765 791 819 806 divina
831 796 875 807 exse-

498 817 557 835 quatur
569 817 648 835 praecepta
662 817 694 831 toto
708 819 773 836 corpore
786 817 802 831 et
814 816 873 831 anima.

881 643 909 652 ινιιι,
914 640 920 650 ⁷

921 624 938 635 n.

498 840 538 855 Hinc
546 840 565 855 ad
573 839 663 855 Corinthios
671 840 694 855 ait
700 840 785 860 Apostolus
794 844 797 855 ε
806 840 874 856 Stabiles
887 847 907 859 ιι·
907 851 947 860 „„„„„„

498 866 553 882 estote,
562 864 661 880 abundantes
673 865 689 880 in
700 869 748 885 opere
758 864 821 880 Domini
832 870 873 880 sern-
880 864 898 874 ³⁸>

499 894 531 910 per.
540 889 603 905 Etenim
613 894 661 909 quam
672 889 740 905 vitandae
751 889 783 905 sint
793 889 874 910 cogitatio-

498 919 526 929 nes
538 914 608 932 inutiles,
617 915 678 930 constat
689 918 708 929 ex
721 918 739 930 eo
751 914 793 934 quod
807 919 835 935 per
847 914 874 930 Mi-

498 939 558 954 chaeam
571 938 642 959 loquitur
653 938 695 954 Deus
707 943 710 954 z
721 939 747 955 Vae
760 938 788 959 qui
800 939 873 959 cogitatis
880 944 946 957 mem-..n

498 963 559 979 inutile⁴
571 963 590 978 Et
602 963 668 983 Sapiens
680 963 715 978 ait:
725 963 794 984 Spiritus
806 963 873 979 Sanctus
886 969 942 983 smus.

497 988 550 1003 aufert
560 993 577 1003 se
588 992 597 1003 a
607 987 731 1008 cogitationibus
741 993 777 1009 qum
788 990 826 1004 sunt
838 989 872 1004 sine

498 1013 585 1031 intellectu,
594 1012 623 1028 hoc
635 1014 659 1027 est
670 1017 679 1028 a
691 1012 814 1033 cogitationibus
827 1013 872 1028 vanis

497 1039 513 1053 et
520 1037 573 1052 fatuis.
582 1037 647 1057 Propter
655 1037 697 1057 quod
705 1037 722 1052 in
730 1037 819 1053 Proverbiis
827 1040 871 1054 aiter—

94 1062 183 1078 secnndum
190 1066 239 1082 opera
246 1066 284 1077 vero
290 1066 345 1077 eorum
353 1061 401 1077 nolite
408 1061 468 1077 facere:
476 1063 489 1079 D
497 1067 517 1077 na
526 1064 543 1077 et
553 1062 622 1077 increata
632 1061 713 1082 Sapientia
723 1064 818 1082 protestatur
827 1067 830 1078 :
839 1062 872 1083 Ego
884 1070 945 1082 psam,

94 1087 151 1102 dicunt
161 1086 211 1105 enim,
222 1088 238 1102 et
249 1090 280 1102 non
291 1085 357 1101 faciunt.

114 1111 172 1129 Tertio.
182 1110 216 1127 ovis
229 1112 253 1126 est
264 1110 322 1126 animal
336 1110 375 1126 utile
387 1113 403 1126 et
416 1110 469 1126 fecun-

93 1136 138 1152 dum.
146 1136 172 1151 Sic
183 1135 252 1156 quilibet
260 1135 359 1151 Christianus
369 1137 384 1151 et
395 1135 469 1151 subditus

93 1161 142 1177 debet
149 1165 183 1176 esse
194 1160 237 1176 utilis
248 1160 326 1181 proximis
335 1160 369 1175 suis
380 1164 408 1180 pro
416 1164 468 1180 posse,

93 1185 179 1201 consilium
189 1187 237 1206 atque
245 1185 323 1200 auxilium
332 1185 444 1205 impendendo,
453 1187 469 1201 et

93 1210 206 1231 exemplariter
218 1210 331 1225 conversando.
340 1209 384 1225 Unde
395 1209 418 1225 ait
428 1210 468 1230 Apo-

74 1245 85 1253 ν,
94 1235 145 1251 stolus
153 1239 156 1250 :
165 1235 194 1250 Per
203 1234 284 1250 caritatem
295 1234 353 1250 servite
365 1234 434 1250 invicem
441 1239 445 1254 ;
453 1236 469 1250 et

63 1277 82 1284 w
94 1264 155 1278 rursus,
160 1259 197 1278 Qum
205 1259 315 1275 :edificationis
323 1261 366 1277 sunt,
375 1259 390 1274 in
400 1259 468 1274 invicem

83 1281 86 1285 ’
94 1284 208 1300 custodiamus⁴
217 1284 257 1299 Hinc
267 1284 283 1299 in
292 1283 386 1304 Apocalypsi
396 1283 419 1299 ait
425 1284 470 1299 Joan<

60 1319 86 1327 un.
95 1314 123 1325 nes
133 1309 174 1327 :Qui
186 1308 231 1324 audit
242 1308 290 1327 dicat,
298 1308 346 1328 Vcni3
358 1308 387 1324 hoc
400 1310 429 1326 est,
441 1308 469 1329 qui

95 1333 163 1350 verbum
171 1333 199 1349 Dei
207 1333 251 1349 audit
259 1333 302 1348 intus
309 1333 329 1348 ab
341 1333 417 1348 instinctu
425 1337 471 1353 ange-

497 1086 578 1107 Sapientia
592 1086 647 1102 habito
660 1086 676 1101 in
692 1086 764 1105 consilio,
777 1088 793 1102 et
805 1087 872 1103 eruditis
880 1086 896 1096 ¹²·

497 1111 574 1127 intersum
583 1111 710 1131 cogitationibus.
717 1111 733 1126 Si
741 1115 778 1131 ergo
786 1113 818 1127 tarn
826 1111 872 1127 vitio-

497 1140 532 1151 sum
539 1137 588 1156 atque
595 1135 686 1151 damnabile
693 1137 717 1151 est
725 1135 788 1151 inutilia
796 1138 811 1151 et
819 1136 872 1152 inania

497 1160 623 1181 cogitare,quam
631 1160 721 1176 damnabile
729 1165 747 1175 ac
755 1160 829 1176 vitiosum
837 1165 873 1177 cou-

496 1185 539 1201 sistit
550 1185 607 1201 nociva
617 1185 686 1205 cogitare
699 1190 717 1200 ac
730 1185 794 1205 turpia?
803 1185 846 1204 Quod
858 1186 872 1201 si

497 1210 519 1225 ita
526 1215 543 1225 se
553 1209 606 1228 habet,
614 1214 662 1230 quam
673 1210 763 1225 damnabile
774 1214 838 1230 prorsus
848 1212 872 1225 est

497 1239 545 1255 opere
552 1234 618 1254 exsequi
626 1235 652 1249 eat
658 1234 770 1250 Verumtamen
779 1234 820 1250 istud
828 1234 873 1250 intel-

498 1259 578 1279 ligendum
590 1260 614 1274 est
626 1258 646 1274 de
656 1259 778 1279 cogitationibus
791 1259 873 1279 hujusmo-

497 1283 560 1302 di,dum
568 1283 591 1299 eis
599 1284 734 1301 consentitur-‚aut
741 1283 775 1299 sine
783 1283 873 1299 resistentia

498 1308 534 1329 quis
545 1308 614 1323 nimium
626 1308 724 1323 immoratur.

518 1332 582 1351 Quarto,
594 1332 629 1348 ovis
641 1334 666 1348 est
677 1332 737 1348 animal
749 1332 843 1348 naturaliter
854 1333 873 1348 ti-
