1079 1569
235 129 309 141 mumma
320 129 325 141 1
335 129 420 141 Abvewrus.
430 133 451 136 —-
461 129 483 140 ΑΙ)
493 129 591 145 ιιιῐῦιοωες
602 128 652 140 snum
662 128 729 140 octavus
849 123 870 139 ³5

94 172 255 192 contemplationum-3
263 172 286 187 sic
294 176 325 187 una
332 172 374 188 actio
382 172 428 190 bona,
437 176 468 187 una
475 171 488 187 A
496 171 540 187 Tunc
551 171 659 187 indubitanter
667 171 738 187 Christus
747 172 763 186 et
771 171 816 186 Pater
824 170 870 186 ooele-
876 176 942 190 laum-v.

94 196 191 212 illuminatio
201 201 275 217 superna,
286 201 318 212 una
328 198 386 212 sanctoe
397 196 468 212 dilectio-

93 221 119 236 nis
126 220 197 239 affectio,
203 221 274 242 disponit
281 225 300 236 ac
307 221 351 236 ducit
359 221 378 236 ad
386 221 440 238 aliam,
447 221 469 236 ita

93 245 136 266 quod
149 248 209 266 quanto
221 246 274 261 anima
285 245 334 261 fuerit
346 245 429 261 sollicitior
440 250 469 266 pro

93 270 118 285 sui
127 270 204 289 custodia,
213 275 242 291 pro
250 270 314 286 vitanda
322 270 350 286 Dei
360 270 427 288 offensa,
436 272 469 285 nn-

93 296 110 310 to
122 294 255 311 abundantiorem
268 300 277 310 a
289 295 321 310 Deo
334 294 469 310 illuminationem

93 319 157 335 assidue
172 319 253 338 sortietur,
267 321 283 335 et
298 321 363 340 peccata
378 324 406 335 sua
420 319 468 335 etiam

94 344 203 360 minutissima
211 344 320 365 perspicacius
329 344 437 364 investigabit,
446 344 469 359 in—

94 368 166 384 tuebitur
177 373 195 384 ac
209 369 271 387 vitabit,
284 373 334 389 eaque
347 368 416 389 amplius
430 373 468 389 pon-

94 393 161 412 derabit,
166 393 239 412 deflebit,
244 398 262 409 ac
271 393 327 414 puniet
334 393 350 409 in
358 398 375 409 se
384 393 422 413 ipsa.
429 393 469 408 Hinc

94 418 144 433 sancti
156 418 186 433 viri
198 423 227 434 sua
237 418 330 438 quotidiana
340 420 405 438 peccata
417 417 468 438 quoti-

94 442 120 458 die
136 442 258 463 vigilantissima
273 442 419 460 consideraverunt,
434 446 469 462 gra-

496 196 525 212 stis
534 201 553 212 ac
563 196 632 217 Spiritus
642 196 709 212 Sanctus
718 195 738 211 a'd
748 200 777 211 nos
786 197 802 211 et
813 195 829 211 in
840 199 869 211 nos
876 193 893 203 ¹²*

496 221 567 239 venient.
576 223 592 236 et
601 221 700 237 mansionem
710 220 741 236 sibi
751 220 767 236 in
777 220 824 236 nobis
833 224 870 236 oon-

496 245 568 264 stimant,
575 247 591 261 et
599 245 685 261 coenabunt
692 245 784 264 nobiscum3
793 244 870 260 cibabunt
886 251 920 265 apae.
928 254 943 264 m,

496 270 558 286 animas
570 272 632 285 nostras
645 274 686 291 pane
696 270 733 285 vitai
745 271 761 285 et
773 269 869 287 intellectus,
876 267 943 295 &mmm

497 299 537 315 pane
551 294 659 313 Eucharistiae,
671 299 711 315 pane
724 294 779 315 gratim
791 298 809 310 ac
822 294 870 310 virtu-

496 321 530 335 tum
543 324 642 340 operumque
654 319 739 337 bonorum,
752 319 814 334 interno
827 323 870 334 sum-

497 348 527 360 mie
538 344 614 360 bonitatis
625 348 687 364 sapore,
698 343 806 359 consolatione
817 343 870 364 piissi-

497 373 528 387 ma,
537 373 576 389 pace
585 373 604 384 ac
613 368 671 389 gaudio
679 368 748 389 Spiritus
756 368 819 388 Sancti3
829 373 870 389 aqua

496 398 560 414 quoque
577 393 660 414 sapientiae
676 393 755 411 salutaris,
772 397 807 408 rore
823 392 870 408 ccele-

496 418 522 436 sti,
531 420 600 433 torrente
608 417 694 438 voluptatis
703 422 736 433 suae
746 422 819 438 supernas
827 419 870 438 pota-
877 422 943 436 pruma

497 442 537 458 bunt
548 447 582 458 nos*

93 467 135 483 viter
145 467 278 488 ponderaverunt,
289 469 305 483 et
315 467 373 482 acriter
384 467 469 487 castigave-
478 467 490 483 Β
517 467 529 483 Ο
536 472 584 488 quam
592 467 659 483 delicata
666 472 685 483 ac
692 467 750 485 dulcis,
756 471 805 487 quam
813 466 871 482 nobilis

94 494 136 510 runt,
144 493 192 512 atque
202 492 221 507 ad
231 496 250 507 ea
259 492 323 507 vitanda
331 496 395 512 semper
404 491 469 507 fuerunt

93 516 163 532 solliciti.

114 541 186 562 Denique
198 541 228 557 ista
240 543 264 557 est
274 545 322 557 causa
333 541 414 562 praecipua
426 540 468 561 quod

93 566 141 586 (prob
156 566 201 581 dolor
211 566 222 586 l)
236 570 292 586 parum
307 568 334 581 aut
349 565 389 581 nihil
404 565 468 586 profici-

95 595 136 608 mus,
144 592 160 606 et
168 590 260 611 frequenter
268 590 318 610 magis
325 590 411 605 deficimus
419 595 423 606 z
431 590 469 610 quia

94 615 157 630 remissi
167 615 292 635 incustoditique
302 619 363 633 sumus,
371 619 401 630 nec
408 614 469 630 consci-

94 639 145 655 entias
155 641 217 655 nostras
226 639 270 655 omni
279 639 305 655 die
315 639 394 659 condigne
403 639 468 655 discuti-

94 669 136 682 mus,
144 669 174 679 nec
184 666 237 680 nostra
247 664 263 679 in
274 664 320 679 nobis
330 665 395 684 peccata
406 664 469 679 ulcisci-

94 693 135 707 mur,
146 689 173 704 sed
185 688 310 709 superficialiter
321 688 442 709 pertransimus,
453 690 469 704 et

94 713 141 728 nobis
152 713 228 728 sulficere
239 713 335 728 arbitramur
344 712 357 728 si
369 713 441 733 graviora
450 717 469 728 ac

95 737 167 753 mortalia
175 737 280 753 declinemus.
289 737 373 758 Propterea
383 737 399 752 in
410 737 470 758 majora

497 493 513 507 et
524 491 579 507 divina
593 494 617 507 est
630 492 660 507 ista
673 491 744 510 refectio,
757 491 787 507 ista
799 496 844 507 coena
855 493 872 507 et

497 516 568 537 epulatio
582 521 619 532 cum
633 516 694 537 Sponso
705 516 766 532 coelesti
776 518 779 531 l
792 516 842 534 Quam
854 518 872 532 ut

498 541 566 557 ubertim
579 546 669 557 mereamur
678 543 748 561 gustare,
756 545 765 556 a
775 541 871 562 quotidianis

497 566 550 586 culpis
557 570 575 581 ac
583 566 684 586 negligentiis
694 565 752 581 nostris
762 565 833 586 quotidie
843 570 871 581 nos

498 595 590 611 purgemus.
602 595 661 611 easque
673 590 781 611 deploremus,
793 592 809 606 et
822 590 871 606 vitare

497 615 541 630 omni
554 620 590 630 curn
604 615 686 635 diligentia
700 615 789 634 enitamur;
802 619 833 630 non
849 619 872 630 re-

498 639 589 660 linquamus
597 644 623 655 eas
631 639 718 660 impunitas
728 639 745 655 in
756 639 807 657 nobis,
816 641 832 654 et
839 643 872 655 om-

497 664 514 679 ni
523 664 570 679 modo
577 664 623 680 nobis
633 663 706 684 possibili
716 663 832 679 satisfaciamus
842 667 872 684 pro

497 689 526 707 eis,
535 693 555 704 ne
566 688 636 704 caritatis
647 688 700 704 fervor
709 688 725 704 in
737 688 783 704 nobis
795 690 871 708 tepescat,

497 715 513 728 et
525 718 545 728 ne
560 713 641 728 irradiatio
655 712 695 728 Solis
709 713 764 728 aeterni
778 712 840 728 obicem
855 712 871 728 in

497 737 544 753 nobis
554 737 627 758 reperiat.
638 737 657 753 Ut
668 737 711 753 enim
723 737 801 752 Eusebius
811 737 872 752 Emise-

93 762 187 781 dilebimur,
202 764 218 777 et
232 764 267 782 post
282 762 340 778 multos
355 766 405 777 annos
420 762 470 782 magis
479 762 489 778 C
497 767 527 778 nus
535 762 599 780 fatetur,
607 762 686 780 Quantum
697 766 725 777 nos
735 761 843 777 addiderimus
851 761 871 777 ad

95 787 181 808 passionati
189 792 207 803 ac
216 787 264 805 leves,
273 787 326 802 minus
336 787 389 802 devoti
397 791 415 802 ac
423 786 471 802 fervi-

94 811 110 827 di
121 816 183 830 aumus,
193 816 241 832 quam
251 811 294 826 circa
303 811 402 831 principium
413 813 470 826 nostrai

94 841 158 851 eramus
166 835 275 851 conversionis
284 840 287 851 τ
296 835 338 856 quod
346 835 435 851 certissime
444 840 470 855 pe-

94 860 228 876 riculosissimum
237 862 265 875 est⁴
275 860 293 875 Ut
301 864 339 880 ergo
346 864 414 880 sponsus
424 859 470 875 coele-

73 897 77 900 ,
94 885 123 900 stis
131 884 208 902 Christus,
215 884 296 905 Sapientia
303 884 378 902 increata.
385 884 401 900 iu
409 886 470 900 nostras

94 909 169 925 adveniat
180 911 242 925 mentes
256 913 285 929 per
296 909 351 929 gratias
366 909 469 927 incrementa,

94 938 124 954 per
131 933 220 949 coelestium
229 933 379 954 multiplicationem
387 933 469 952 donorum,

94 963 123 979 per
141 958 275 974 illuminationem
293 960 309 973 et
326 957 470 974 inflammationem

94 982 178 1003 majorem,
189 984 237 1003 atque
248 982 264 998 in
276 982 351 998 bonitatis
362 982 445 1001 affectum,
454 982 470 998 in

94 1008 156 1023 viscera
167 1007 243 1025 caritatis.
254 1007 270 1023 in
281 1007 333 1023 telum
345 1007 411 1028 justitiae
423 1007 470 1023 corda

95 1034 149 1048 nostra
161 1032 268 1050 transformet,
279 1036 363 1052 surgamus
375 1032 419 1048 omni
431 1032 470 1047 hora

497 787 592 808 proficiendi
600 787 677 805 studium,
683 788 745 802 tantum
753 786 795 802 Deus
802 788 872 807 apponet

497 811 678 832 subsidium3quantum
686 815 714 827 nos
722 811 844 832 apposuerimus
851 811 871 826 ad

497 836 603 856 diligentiam,
614 837 676 851 tantum
688 835 714 851 ille
726 837 796 856 apponet
808 835 827 851 ad
837 840 871 855 gra-

497 861 542 879 tiam,
556 860 691 881 quemadmodum
705 860 733 878 ait,
746 860 813 875 Habenti
827 859 870 875 dabi-
877 866 944 879 namn...

497 887 528 903 tur,
537 887 553 900 et
564 884 703 905 superabundabit.
713 885 766 900 Gratia
774 889 841 905 namque
851 884 870 900 de
878 883 894 893 '¹-

497 909 548 930 gratia
562 909 638 927 nascitur,
650 911 666 925 et
679 909 760 930 profectus
772 908 871 930 profectibus

497 934 575 952 serviunt,
589 936 606 949 ut
619 935 678 954 quanto
691 933 727 954 plus
742 934 778 954 quis
790 933 872 954 acquirere

497 959 570 979 coeperit,
581 960 624 974 tanto
634 958 669 979 plus
680 960 747 974 conetur
756 962 774 974 ae
784 958 872 974 delectetur

497 983 585 1004 acquirere.

517 1008 603 1026 Postremo,
615 1009 633 1023 ut
644 1007 665 1023 ita
676 1012 767 1023 crescamus
779 1007 795 1023 in
807 1007 872 1023 caritate

497 1034 513 1048 et
520 1032 576 1053 gratia,
584 1032 643 1053 Solque
652 1032 719 1053 justitias
729 1032 809 1053 copiosius
819 1032 835 1048 in
845 1036 872 1048 no-

94 1057 158 1073 obviam
166 1056 237 1072 venienti
246 1060 249 1072 t
258 1056 288 1072 boc
297 1058 327 1075 est,
335 1056 355 1072 ad
364 1056 400 1077 ejus
410 1057 469 1077 ingres<
477 1058 489 1074 Ι)
497 1059 530 1073 stra
542 1056 602 1077 fulgeat
614 1057 672 1075 anima,
683 1059 731 1078 atque
745 1056 837 1073 coelestibus
849 1056 872 1072 di-

94 1086 131 1097 sum
143 1086 162 1097 ac
173 1081 292 1102 susceptionem
306 1081 420 1097 charismatum
434 1081 469 1101 ejus

94 1110 123 1122 nos
138 1110 246 1127 praeparemus
261 1110 290 1126 per
304 1106 356 1122 cordis
370 1106 470 1126 expurgatio-

94 1135 132 1146 nem
144 1130 265 1151 custodiamque
276 1130 364 1151 praefatam,
375 1135 403 1151 per
413 1130 469 1146 oratio-

94 1160 123 1171 nes
131 1155 195 1171 devotas
203 1159 221 1170 ac
229 1155 298 1170 fervidas
308 1155 332 1170 sui
342 1155 420 1171 adventus
429 1155 469 1171 affo-

94 1180 161 1198 etiones,
174 1184 203 1200 per
214 1180 286 1195 studium
298 1184 362 1200 quoque
374 1179 469 1200 proficiendi

93 1205 211 1222 euntium-mxi
217 1209 245 1225 per
252 1204 376 1224 recognitionem
384 1204 469 1220 beneficio-

94 1234 130 1245 rum
138 1229 179 1249 ejus,
184 1234 212 1249 per
220 1229 275 1244 laudes
282 1231 298 1244 et
305 1229 391 1249 gratiarum
399 1229 469 1245 actiones

94 1258 124 1275 pro
131 1254 162 1273 eis;
168 1255 184 1269 et
190 1253 267 1274 quidquid
274 1255 336 1274 gratum
343 1258 362 1269 ac
370 1253 446 1274 placitum
454 1254 469 1269 ei

94 1283 129 1294 esse
140 1278 238 1296 noverimuS,
246 1282 276 1298 pro
285 1282 331 1298 posse
342 1278 468 1299 adimpleamus3

95 1302 174 1324 quidquid
187 1307 225 1318 vero
239 1302 337 1318 offensivum
352 1308 370 1318 ac
385 1302 469 1319 inhonora-

95 1328 147 1344 tivum
159 1329 183 1343 est
195 1327 236 1348 ejus,
248 1327 371 1348 diligentissime
383 1327 468 1348 fugiamus.

497 1082 541 1097 vitiis
553 1081 666 1097 exuberantius
679 1081 780 1102 impleamur,
792 1081 825 1097 hmo
838 1081 873 1102 ipsa

496 1106 547 1122 divini
560 1106 612 1122 cultus
623 1106 700 1127 obsequia
711 1111 747 1126 quas
758 1105 829 1126 quotidie
840 1105 872 1121 Deo

496 1131 587 1149 offerimus,
597 1132 614 1146 et
625 1135 644 1146 ea
656 1135 691 1151 quas
704 1130 767 1146 Ordinis
779 1132 822 1149 suut.
833 1132 873 1146 sata-

496 1160 552 1176 gamus
563 1155 634 1176 quotidie
645 1155 717 1171 devotius
728 1155 810 1173 exhibere,
821 1155 872 1175 perfe-

496 1180 538 1196 ctius
553 1184 605 1200 agere,
622 1179 703 1195 ardentius
719 1179 809 1198 observ-re,
825 1179 871 1195 boras

497 1205 581 1220 canonicas
588 1204 736 1222 distincte,attente‚
740 1205 831 1220 reverenter
838 1208 871 1224 per·

496 1229 578 1247 solvendo,
586 1229 728 1249 compunctissime
739 1228 840 1247 celebrando,
847 1230 870 1244 at-

496 1259 527 1275 que
538 1254 554 1269 in
564 1253 639 1269 omnibus
648 1253 720 1269 ordinate
730 1258 749 1269 ac
759 1253 871 1273 exemplariter
883 1258 943 1272 tcmm,

496 1278 602 1299 procedendo,
612 1278 700 1296 silentium,
711 1277 813 1293 sobrietatem
826 1282 871 1297 regu—
877 1275 893 1286 ⁸⁴⁷·

496 1303 578 1324 laremque
590 1302 691 1323 disciplinam
705 1303 721 1318 in
733 1302 795 1318 cunctis
807 1306 870 1318 servan-

496 1328 521 1344 do.
536 1328 621 1349 Nunquam
636 1327 659 1343 sic
674 1327 777 1343 effundamus
791 1331 825 1345 nos,
840 1331 870 1342 nec
