1079 1569
172 816 200 831 sq„
203 819 218 830 ιι,
222 817 239 829 ιτ.

178 1013 183 1024 1
191 1013 217 1024 eor.
224 1016 239 1026 ιι.

249 125 279 141 386

250 172 298 188 olesia
312 174 330 187 ut
344 176 399 188 omnes
414 172 528 188 Christifideles
542 171 643 193 jejuniuma
671 172 729 191 Quarto
741 172 782 188 valet
794 172 814 188 ad
826 172 944 193 impetrandum
955 173 1003 193 gratiam

249 196 291 212 istud
299 197 434 217 quadragesimale
442 196 530 215 observent,
534 201 574 217 quos
581 198 623 215 aetas,

250 223 278 237 aut
289 221 369 240 debilitas,
382 223 409 237 aut
421 221 452 237 alia
463 226 509 237 causa
525 221 623 237 rationabilis

250 250 282 261 non
294 248 363 261 excusat.
376 245 437 262 Idcirco
451 246 549 267 quicumque
563 245 623 267 absque

249 270 339 286 rationabili
350 275 397 286 causa
407 270 450 286 istud
461 275 493 286 non
504 272 557 286 servat
565 270 624 291 jejuni-

249 300 282 314 um,
296 297 350 316 peccat
365 295 458 314 mortaliter,
471 297 487 311 et
499 296 546 311 toties
561 295 623 316 quoties

249 319 308 340 frangit
319 320 361 335 istud
375 325 378 336 :
392 320 494 341 potissimum
508 322 562 335 autem
574 319 623 335 fortes

249 346 265 359 et
274 344 336 363 divites,
344 346 361 360 et
370 344 398 365 qui
408 348 464 364 graves
475 348 506 360 non
516 346 591 360 exercent
602 344 623 360 la-

249 368 300 384 bores.
313 368 345 384 Gur
356 370 409 384 autern
422 368 509 384 instituerit
521 368 591 384 Ecclesia
603 368 623 384 is-

248 393 277 408 tud
285 393 372 413 jejunium,
380 393 397 409 in
407 397 480 409 sermone
488 393 531 409 circa
539 393 623 414 epistolam

248 417 396 438 hujusdominicae
410 419 470 433 tactum
485 420 514 433 est.
527 418 570 433 Istud
585 422 623 438 ergo

247 441 328 462 jejunium
338 444 363 458 est
373 442 393 458 de
405 442 499 458 necessitate
511 442 573 460 salutis,
584 446 622 462 quo-

248 466 291 482 nism
302 466 344 482 cadit
355 466 385 482 sub
396 468 481 487 praecepto.

268 491 344 507 Praeterea
356 491 417 507 utilitas
431 491 489 512 jejunii
502 496 559 512 magna
570 493 595 507 est
606 493 622 507 et

248 515 333 536 multiplex
344 516 396 532 valde.
409 516 461 532 Primo
475 516 535 532 etenim
548 516 591 532 valet
602 516 621 532 nd

247 541 378 557 satisfaciendum
388 545 417 562 pro
428 541 497 562 peccatis
508 541 598 562 praeteritis,
606 543 622 556 et

247 566 311 581 veniam
323 566 398 586 impetrat
408 570 412 581 t
422 565 477 586 sicque
489 567 546 586 purgat
556 570 565 581 a
576 565 622 581 malis

247 590 331 611 praetcritis
341 595 370 606 seu
379 595 389 606 a
399 592 443 606 reatu
453 595 514 609 eorum.
523 592 539 606 et
545 595 555 606 a
563 590 621 606 futuris

247 614 331 635 suppliciis
341 614 429 635 purgatorii
441 614 502 630 liberat.
513 615 553 630 Hinc
562 614 621 635 jejuni<

247 644 275 655 um
285 644 314 660 pro
323 639 417 660 poenitentia
427 639 521 660 imponitur,
530 642 549 655 ut
555 640 621 660 Aposto-

236 664 272 682 .lus
283 664 306 680 ait
316 668 320 680 :
331 664 393 684 castigo
406 668 463 685 corpus
474 669 533 680 meum.
544 664 621 683 Quem-d-

246 688 313 705 modum
323 693 360 709 ergo
370 689 441 709 corporis
448 688 529 709 voluptate
537 691 553 704 et
561 689 594 704 cibi
602 694 621 705 ac

247 715 293 734 potus
304 713 415 734 superfluitate
426 713 476 729 Deum
487 713 591 732 offendimus,
599 714 621 729 ita

245 738 344 758 jejuniorum
356 738 445 754 afflictione
456 742 475 753 ac
487 738 564 758 parcitate
576 738 620 754 satis-

246 762 298 778 facere
310 765 327 779 et
338 762 388 778 Deum
402 762 464 783 placare
476 762 553 778 debemus
567 767 570 778 z
583 763 621 783 quia
630 762 695 782 Cdere3
707 762 730 778 sic
745 763 853 778 desideramus
866 763 938 781 virtutes,
949 762 975 778 sed
987 766 1009 782 pm

246 787 325 803 contraria
337 787 420 803 contrariis
431 789 515 807 curantur;
525 789 542 803 et
551 787 593 803 sicut
604 788 620 803 in

246 812 288 828 libro
295 812 380 833 Sapienti-s
388 812 451 832 legitur,
460 817 488 833 per
495 817 531 833 qum
538 812 575 833 quis
585 816 621 833 pec-

246 837 312 856 caverit,
320 841 349 857 per
358 837 392 853 liaec
402 839 418 852 et
428 837 508 857 punietur.

266 861 339 877 Secundo
352 861 393 877 valet
406 861 487 882 jejunium
499 861 519 877 ad
532 861 620 877 carnalium

247 886 362 902 desideriorum
374 886 496 902 refrenationem
508 891 526 902 nc
535 886 621 902 debilitati-

246 915 299 930 onem,
308 911 346 932 quia
355 911 438 926 materiam
447 912 463 926 et
471 911 592 926 incitamentum
603 911 621 926 il-

247 936 299 951 lorum
309 935 372 951 aufert:
381 935 436 956 sieque
446 940 475 956 per
485 935 538 956 ipsum
548 940 584 951 caro
594 936 621 951 do-

247 962 300 976 matur
313 962 329 975 et
343 960 401 976 animae
416 959 494 975 subditur.
510 960 554 975 Unde
569 965 620 980 quum

246 985 313 1000 dixisset
321 984 412 1005 Apostolus,
420 984 482 1004 Castigo
491 988 549 1005 corpus
560 989 619 1003 meum,

247 1014 283 1025 mox
294 1009 360 1027 addidit,
371 1009 391 1025 Et
402 1009 418 1024 in
428 1009 522 1025 servitutem
532 1009 592 1029 redigo,
604 1009 620 1025 id

247 1036 276 1053 est,
292 1034 349 1050 animm
363 1033 423 1050 servire
438 1033 522 1054 compello,
537 1033 576 1049 illud
591 1039 621 1055 per

246 1058 364 1075 nbstinentiam'
374 1059 469 1079 castigando*
483 1058 619 1077 Quemadmodum
628 1058 640 1074 D
667 1058 725 1077 Quinto
737 1058 779 1074 valet
792 1058 873 1079 jejunium
886 1059 906 1074 ad
918 1058 1009 1074 obtinendam

246 1083 290 1099 enirn
302 1083 370 1099 ebrietas
383 1085 399 1099 et
410 1083 470 1099 ventris
482 1083 550 1104 repletio
562 1087 620 1099 coneu-

246 1108 332 1129 piseentias
339 1110 356 1124 et
362 1108 414 1124 varias
422 1108 504 1128 passiones
512 1113 541 1123 seu
549 1108 620 1124 carnales

245 1133 339 1149 affectiones
350 1132 415 1153 pariunt
425 1134 441 1148 et
451 1132 557 1151 inflammant,
566 1133 588 1148 ita
597 1132 620 1153 je-

244 1157 309 1178 junium
317 1157 352 1173 illas
360 1157 447 1177 exstinguit
453 1159 481 1172 aut
488 1157 551 1173 minuit.
559 1157 619 1173 ldcirco

245 1182 264 1198 ad
272 1182 374 1198 sobrietatem
383 1182 399 1197 in
407 1181 492 1202 Scripturis
500 1182 587 1202 saepissime
595 1182 620 1198 nd-

245 1211 334 1222 monemur.

265 1231 318 1247 Tertio
325 1231 367 1247 valet
373 1230 454 1251 jejunium
461 1231 481 1246 ad
488 1231 577 1246 cavendum
585 1235 620 1252 pee-

246 1258 280 1272 cata
291 1256 344 1271 futura
355 1257 371 1271 et
382 1255 432 1271 multa
444 1260 492 1276 opera
502 1256 564 1271 vitiosa.
573 1256 620 1271 Tollit

246 1285 315 1301 namque
324 1280 345 1296 ab
354 1280 408 1296 animo
418 1285 474 1296 vanarn
485 1280 562 1299 laetitism,
570 1280 620 1296 disso-

246 1305 324 1321 lutionem
335 1306 351 1320 et
361 1304 442 1321 levitatem
450 1309 454 1320 z
462 1305 518 1325 sicque
529 1304 583 1321 minus
593 1305 619 1321 de-

247 1330 294 1346 lectat
303 1334 374 1351 peccare*

444 130 517 141 »omma
528 130 533 141 ι
544 130 670 144 commessuri.
680 134 700 137 —-
711 130 760 141 summ
770 130 832 141 'rannus

631 468 643 483 B
650 467 741 483 inveniendi
749 467 825 483 facilitate
832 467 878 483 nobis
886 467 1006 487 vilescereatque

650 202 669 213 ac
676 197 758 215 virtutem,
767 198 783 212 et
790 196 880 217 profectum
888 201 961 217 maguum
967 197 979 212 in
985 198 1004 213 eit.

650 222 689 238 Nam
699 223 759 242 quanto
768 226 805 237 cum
816 221 872 242 majori
881 221 962 241 diligentia
969 224 980 237 et
988 227 1005 238 ω-

650 248 693 265 natu,
702 246 805 267 corporisque
815 245 910 264 afflictione,
920 245 978 266 gratiam
985 246 1004 262 Dei

650 273 666 287 et
678 271 719 287 dona
730 271 799 291 Spiritus
811 271 864 286 Sancti
876 272 924 291 atque
936 270 1005 287 incretum>

650 298 684 311 tum
696 296 713 311 in
723 295 747 311 eis
759 295 851 316 qumrimus,
861 297 906 311 tanto
917 295 1004 311 abundantius

650 320 692 336 Deus
703 320 745 336 dona
759 320 848 341 spiritualia
862 319 909 335 nobis
924 320 1005 335 infunditur

650 347 701 365 anget,
710 344 785 363 Quamvis
793 344 837 360 enim
845 344 886 360 Deus
895 344 916 360 sit
925 344 1005 360 liberalitttis

650 374 668 385 ac
677 369 763 390 upulontiae
773 369 846 387 infinitae,
855 369 890 384 vult
898 371 950 384 tamen
957 371 971 384 ut
977 369 1006 384 dmn

650 394 704 414 gratim
717 399 749 410 suae
762 398 798 409 cum
811 393 873 409 fervore
885 395 902 409 et
914 395 967 409 conatu
976 398 1006 414 qua·-

650 423 708 434 ramus.
717 418 782 439 Propter
791 418 834 439 quod
843 418 866 434 ait
876 418 953 434 Eusebius
962 418 1007 433 Emise-

649 448 685 461 nus,
694 443 736 464 quod
746 443 788 459 Deus
798 447 830 458 non
840 443 875 458 vult
885 443 926 458 dona
935 447 962 458 sua
969 442 1006 458 nimia

649 492 666 507 in
676 492 798 508 Deuteronomio
808 492 886 512 scriptum
896 494 921 507 est
928 497 932 508 z
940 491 955 507 Si
964 492 1044 512 qumi-masa

649 516 681 532 eris
688 516 773 532 Dominum
782 516 831 532 Deum
839 518 892 535 tuum,
900 516 968 532 invenies
974 521 1006 534 eum,

649 541 662 557 si
675 543 728 557 tamen
743 543 776 557 tow
788 541 835 557 eorde
847 543 864 557 et
875 543 908 557 tot-a
920 541 1006 557 tribulatione

648 566 706 582 animae
713 567 745 582 tuae
752 566 834 586 quassieris
841 570 884 581 eum.
891 566 910 581 Et
918 566 947 581 ista
953 567 973 581 est
980 570 1007 581 uu>

649 595 671 609 sa,
680 590 722 611 quod
733 590 806 611 quamvis
818 590 889 611 quotidie
900 590 956 606 multas
966 590 1007 605 fundi·

649 620 685 630 mus
696 615 775 631 orationes
785 615 854 633 vocales,
862 617 916 630 tamen
927 619 978 636 parum
987 616 1007 630 ant

649 639 688 655 nihil
700 639 717 655 in
727 639 814 655 virtutibus
826 639 920 658 crescimus,
930 640 959 655 irno
969 639 1007 659 magis

648 664 756 680 decrescimus
769 668 773 679 ε
785 664 861 685 quoniam
876 668 908 680 non
920 669 955 680 cum
966 663 1008 680 debita

649 689 736 709 diligentia,
748 688 834 705 affectione
846 691 862 704 et
874 689 933 705 laboris
946 688 1007 704 instanti·

648 713 698 729 Deum
707 713 794 734 quoerimus
801 715 817 729 et
824 718 894 729 oramus,
903 713 933 729 Sed
942 713 979 729 sicut
985 714 1008 728 ut-

648 740 674 754 tus
684 740 726 754 amat
736 738 802 759 piscem,
811 738 838 754 sed
849 743 881 754 non
891 738 926 754 vult
934 742 976 754 erun
984 742 1008 753 nn-

648 787 671 803 eis
682 792 713 803 non
721 787 795 803 volumus
803 787 857 803 debite
866 787 941 806 laborare,
948 787 1008 808 jejunan-

648 812 674 830 do,
683 812 699 827 in
710 812 809 828 orationibus
820 812 933 833 pernoctando,
942 817 951 828 a
961 812 1009 827 nnita>

647 836 691 852 tibus
699 841 728 852 nos
735 837 814 852 domando
820 841 824 852 z
830 837 891 853 idcirco
899 837 949 855 rudes,
955 836 1008 852 indeve»

648 861 660 876 ti
667 866 686 877 ac
693 861 747 881 frigidi
756 866 872 882 permanemus.
881 861 921 877 Hinc
928 866 955 882 per
961 861 1008 877 isaiam

648 886 725 902 Dominus
737 886 807 907 loquitur
818 891 821 902 τ
832 886 849 902 Si
860 886 936 907 qumi-itis,
947 885 1008 907 quarite,
1017 888 1044 900 nus

648 910 663 926 id
675 912 704 929 est,
712 911 726 926 si
736 915 773 926 vere
783 915 809 926 me
818 911 896 931 quaeritis,
904 915 923 927 ex
933 911 968 927 totis
977 915 1009 931 pr:-

648 935 706 951 cordiis
717 935 765 955 digne
777 940 802 951 me
817 935 889 956 quaerite.
902 935 924 951 Ad
938 935 1009 951 Danielem

648 964 711 980 quoque
719 960 813 980 prophetam
820 959 884 976 Gabriel
894 960 957 981 angelus
965 959 999 975 dixit
1006 963 1009 974 t

648 984 670 1000 Ex
678 985 704 1000 die
711 989 743 1005 quo
751 984 818 1005 posuisti
826 989 854 1000 eor
860 987 908 1000 tuum
916 986 932 1000 ut
938 984 1010 1004 affligens
1015 988 1041 999 nn

648 1011 663 1025 te
671 1009 687 1024 in
695 1011 782 1030 conspectu
790 1009 853 1025 Domini
861 1009 895 1028 Dei,
903 1009 973 1025 exaudita
980 1010 1009 1024 sunt

647 1033 696 1049 verba
707 1035 738 1049 tua.

648 1083 781 1099 illuminationem
790 1085 807 1099 et
815 1083 935 1099 instructionem
941 1087 949 1098 a
957 1082 1010 1103 Spiritu

647 1107 709 1123 Sancto.
722 1107 766 1123 Unde
781 1112 809 1128 per
821 1107 904 1124 Danielem
918 1107 1009 1124 describitur,
1021 1110 1038 1120 [ιιι

647 1132 688 1152 quod
699 1132 737 1148 dum
746 1132 891 1148 Nabuchodonosor
900 1137 926 1148 rex
934 1128 1037 1153 Babylonis⁰⁸

646 1157 748 1177 praecepisset
760 1156 787 1172 uni
800 1157 911 1172 eunuchorum
924 1161 985 1172 suorum
996 1157 1010 1170 ut

646 1181 666 1196 de
673 1181 713 1197 filiis
721 1181 769 1197 lsrael
779 1181 888 1197 introduceret
897 1181 969 1202 quosdam
979 1185 1011 1201 pue-

647 1210 672 1221 ros
682 1206 702 1221 de
711 1206 772 1221 semine
784 1205 832 1226 regio,
841 1205 919 1222 formosos
929 1210 946 1221 ac
955 1205 1011 1225 elegan-

646 1232 676 1249 tes,
685 1230 713 1251 qui
723 1230 766 1251 digni
777 1232 831 1246 essent
840 1232 882 1246 stare
892 1235 942 1246 coram
951 1234 992 1250 rege,
999 1231 1011 1244 et

646 1255 730 1270 eunuchus
743 1255 817 1275 elegisset
828 1259 848 1270 ex
860 1255 900 1271 filiis
914 1255 957 1271 lsrael
971 1254 1011 1270 Dani-

647 1280 694 1298 elem,
699 1280 782 1298 Ananiam,
788 1280 859 1296 Azariam
866 1285 885 1296 ae
893 1280 974 1298 llfisaelem,
979 1284 1012 1300 prs*

647 1304 690 1325 cepit
699 1309 727 1320 rex
738 1306 756 1320 ut
766 1304 811 1325 pueri
821 1304 844 1320 illi
855 1305 899 1325 regio
908 1305 942 1321 cibo
949 1309 969 1320 ac
978 1306 1011 1325 potu

647 1329 751 1345 nutrirentur.
762 1329 792 1345 Sed
803 1329 870 1350 juvenes
883 1330 907 1345 illi
917 1329 983 1345 timorati
993 1330 1012 1344 at>

949 1412 954 1435 Ι
