1079 1569
139 489 206 503 inulla-1.

139 1178 208 1192 lausus.

381 124 456 136 mumma
466 125 477 136 11
487 124 572 136 anvmus*
582 129 603 132 —
613 124 701 137 mantano
711 125 727 136 m
738 125 822 137 :maror-ax

214 167 291 183 solatione
306 167 424 188 Scripturarum
440 169 536 186 sanctarum,
552 172 588 188 quoe
595 168 608 184 Λ
615 167 663 183 etiam
671 167 703 188 pati
711 167 783 186 adversa,
791 167 854 184 dicente
863 167 939 188 Apostoli·
947 171 951 182 z
959 167 989 183 Vo-
1000 171 1055 185 eninm

213 192 284 208 ubertim
294 192 383 211 hortantur,
391 192 449 208 docent
456 196 474 208 ao
480 192 538 212 jubent
546 194 563 207 ιιι
571 192 587 207 in

213 216 246 232 Deo
253 221 341 237 speremus*
349 216 397 232 Porro
404 216 486 237 Scriptura
494 216 549 232 divina
559 221 588 232 nos

213 241 324 262 multipliciter
331 241 587 259 consolatur,videlicet,aeternam

212 265 328 282 beatitudinem
345 265 453 286 promittendo
469 265 587 286 perseveranti-

212 290 248 309 bus,
260 292 362 311 peccatorum
373 290 483 306 remissionem
496 290 588 311 poenitenti-

211 314 247 333 bus,
260 315 345 335 gratiosam
357 315 466 330 adsistentium
479 314 586 335 sperantibus,

211 339 259 355 Sacra
270 344 334 360 qnoque
345 339 427 360 Scriptura
438 340 458 355 ad
471 339 498 355 Dei
511 339 587 360 cognitio-

211 369 255 382 nem,
265 364 285 379 ad
296 364 387 380 divinorum
400 364 557 384 contemplationem,
567 364 587 379 ad

212 388 318 409 multiplicem
333 388 405 404 veritatis
420 388 492 404 notitiam
507 388 555 404 etiam
570 388 587 403 in

212 413 286 433 prasenti
296 417 325 429 nos
337 415 420 434 promovet
428 418 432 429 :
440 415 456 429 et
465 413 481 428 iu
491 413 550 428 talibus
561 413 587 428 de-

212 437 276 453 lectatio
286 437 374 458 spiritualis
386 442 443 458 magna
452 437 498 453 valde
508 437 585 453 consistit.

615 192 640 207 bis
652 192 728 208 donatum
740 194 765 208 est
776 197 805 213 pro
814 192 882 210 Christo,
894 196 925 208 non
937 191 989 207 sulum
997 187 1014 197 ²⁹·

615 218 633 232 ut
640 216 656 232 in
665 216 700 237 ipso
707 217 780 235 credatis,
788 217 816 232 sed
824 217 872 232 etiarn
880 219 897 232 ut
905 216 989 237 patiamini

615 245 644 261 pro
654 241 685 257 illo.
694 242 716 257 Ει
723 242 785 259 solatii,
793 241 809 257 id
819 243 844 257 est
852 241 941 262 spiritualis
952 245 989 256 con<

615 265 702 284 solationis,
710 266 730 281 de
740 270 772 286 quo
781 266 803 281 ait
812 266 897 286 Apostolus
908 270 912 281 :
922 265 989 281 Benedi-
1011 269 1044 280 uc„
1051 273 1055 280 t

615 292 650 306 ctus
664 290 706 306 Deus
721 292 737 306 et
750 290 795 306 Pater
810 290 955 306 misericordiarum
970 295 990 306 ae
997 285 1023 297 Μ’

614 315 663 330 totius
678 315 796 334 consolationis,
811 315 839 336 qui
853 315 945 331 consolatur
960 319 989 330 nos

616 339 631 355 in
640 340 683 355 omni
691 339 795 355 tribulatione
805 341 863 355 nostra.
872 339 894 355 De
903 343 935 360 quo
945 339 961 355 in
972 339 990 354 li-

615 363 644 380 bro
655 364 717 379 Nahum
727 364 795 380 habetur
806 368 809 379 ε
820 364 872 380 Bonus
883 364 965 382 Dominus,
973 366 990 379 et
1005 366 1064 389 amna-1,¹

615 388 706 404 confortans
721 389 737 404 in
750 388 776 404 die
791 388 903 404 tribulationis.
917 388 989 404 Christus
997 383 1007 393 ⁷·

615 417 678 433 quoque
691 413 706 428 in
718 412 804 433 Evangelio
813 412 895 433 loquitur:
905 413 960 428 Venite
970 412 989 428 ad
1002 417 1056 430 amma»,

615 441 646 455 me,
658 437 714 453 omnes
725 437 753 458 qui
764 437 839 453 laboratis
848 439 864 453 et
874 437 935 453 onerati
945 437 989 455 estis,
997 434 1015 444 ²⁸*

212 462 252 478 Hinc
268 462 284 477 in
300 462 352 482 primo
368 461 493 477 Machabaeorum
509 462 586 482 scripturn
596 462 608 478 B
615 464 631 477 et
638 466 668 482 ego
676 462 747 477 reficiam
755 466 788 477 vos.
797 462 827 477 Sed
834 462 862 482 qui
870 462 905 477 vult
912 462 990 477 divinitus

212 488 237 502 est
247 491 251 502 z
262 486 342 502 Habemus
354 486 411 502 solatio
422 488 485 502 sanctos
497 486 547 502 libros
559 486 586 507 qui

213 511 230 527 in
240 511 315 527 manibus
325 511 384 527 nostris
394 512 436 526 sunt.
447 510 495 526 Multa
505 511 554 526 etiam
565 510 588 526 hi-

212 535 289 554 storialia,
298 535 400 551 delectabilia
411 537 427 551 et
438 535 509 555 jucunda
521 537 559 551 sunt
571 535 587 550 in

212 560 300 581 Scripturis
307 562 386 576 contenta.
395 560 432 575 Ideo
440 560 462 575 ait
469 560 574 580 Hieronymus
583 564 587 575 :

212 585 252 600 Ama
262 584 315 600 studia
326 584 450 605 Scripturarum,
461 586 477 600 et
488 583 588 600 carnis'vitia

212 613 244 625 non
256 609 327 628 amabis;
338 610 354 624 et
367 609 473 624 Damascenus
485 613 488 624 :
500 608 587 629 Scriptura,

212 633 270 654 inquit,
280 633 363 654 paradisus
373 635 398 649 est
408 633 470 648 animm,

232 658 309 674 Praeteret
319 658 335 673 in
346 657 371 673 his
381 657 434 673 verbis
446 658 515 678 tangitur
525 657 589 678 quadri-

212 682 271 703 partita
281 682 341 698 utilitas
349 687 369 698 ex
377 682 459 703 Scriptura
468 682 514 698 nobis
524 686 589 697 consur-

212 712 256 728 gens.
265 707 317 723 Prima
324 709 349 722 est
357 707 453 722 illuminatio
461 706 533 725 rationis,
538 711 588 727 quum

212 731 272 747 dicitur
280 736 283 747 ε
292 731 399 752 Quaecumque
411 731 471 752 scripta
480 733 523 749 sunt,
533 731 553 746 ad
564 735 590 747 no

615 486 699 505 consolari,
710 486 781 502 carnales
792 489 808 502 et
821 486 909 502 mundanas
921 486 991 502 consola-

615 510 695 526 tiunculas
703 513 773 531 spernat,
778 511 798 526 ad
806 511 856 526 Deum
864 510 952 531 confugiat,
958 515 991 527 sum

616 536 711 552 visitationis
722 536 814 552 dilationem
824 536 936 557 aequanimiter
943 538 991 557 atque

616 560 699 576 humiliter
710 560 756 579 serat,
768 566 778 576 a
790 561 860 582 peccatis
872 561 962 580 abstineat3
975 563 991 576 et

616 587 655 601 tune
662 585 718 606 utique
725 585 812 601 consolatio
820 585 914 601 infundetur
923 585 943 601 ab
953 585 990 604 alto,

616 609 638 625 ita
647 610 690 630 qnod
701 609 737 625 talis
746 614 783 625 cum
793 610 876 625 Psalmista
887 610 946 630 poterit
955 614 991 626 con-

616 634 659 650 meri
670 638 674 649 :
685 634 743 650 Renuit
753 634 830 650 consolari
840 634 894 650 anima
904 639 949 654 mea3
959 639 991 650 me·
1004 639 1021 649 ι’,

617 663 651 674 mor
661 659 684 674 lui
693 659 727 677 Dei,
735 661 751 674 et
761 659 848 675 delectatus
857 664 898 675 sum.

633 684 663 699 Det
669 684 713 698 vobis
718 684 736 698 id
742 684 795 702 ipsum
800 688 856 702 sapere
861 684 880 698 in
884 684 992 701 alterutrum,

617 708 632 723 id
642 710 666 723 est
675 708 717 723 idern
725 708 784 723 sentire
791 708 811 723 ad
819 708 894 726 invicem,
902 709 992 723 secundum

616 733 670 748 lesum
682 732 772 749 Christum,
784 732 799 747 id
811 734 835 747 est
846 737 883 748 vere
893 734 910 748 et
920 732 992 748 ordinate

212 758 262 772 stram
270 756 360 771 doctrinam
368 755 427 776 scripta
434 757 476 771 sunt.
485 755 558 771 Secunda
565 758 589 771 est
598 756 609 773 C
617 762 635 772 ac
643 756 723 777 sapienter
730 756 776 777 juxta
783 757 868 772 Salvatoris
878 757 966 772 doctrinam
974 762 992 772 ac

213 780 308 797 conlui-tatio
320 780 378 796 animm
390 785 419 801 per
429 780 522 801 patientiam
534 782 590 796 contra

212 810 275 821 omnem
283 805 319 821 vitaz
327 805 409 826 praesentis
417 805 537 823 tribulationem,
542 810 590 826 quum

213 830 288 846 subditur
300 834 304 845 t
317 830 336 845 Ut
349 834 378 850 per
391 829 489 850 patientium.
501 829 554 845 Tertia
566 831 590 845 est

213 855 304 870 relevamen
315 854 381 870 internas
392 854 450 870 loetitiae
460 856 515 870 contra
526 859 590 875 pressu>

213 884 238 895 ras
251 879 300 899 hujus
313 879 371 897 exsilii,
384 879 423 894 dum
437 878 541 899 subjungitur
554 883 557 894 :
571 879 590 894 Et

214 903 339 920 consolationem
355 903 478 924 Scripturarum.
493 903 551 922 Quarta
566 905 590 919 est

213 928 293 944 certitudo
307 928 372 944 iiduciae
386 928 406 943 de
420 928 474 944 l'utura
490 928 590 943 heatitudine

214 955 269 969 contra
278 952 371 968 dilationem
381 952 441 973 pstriae,
450 957 500 973 quum
510 952 590 968 subinfer-

213 979 240 993 tur
253 982 257 993 z
270 977 318 998 Spem
332 977 424 993 habeamus.
437 977 467 996 Qui
482 977 530 997 igitur·
545 977 590 997 cupit

213 1002 282 1022 desuper
293 1002 375 1020 illustrari,
386 1001 462 1022 patientia
473 1001 549 1020 roborari,
560 1001 591 1022 spi-

214 1026 292 1042 ritualiter
300 1026 384 1045 consolari,
393 1026 412 1042 de
420 1026 427 1042 f
428 1028 474 1042 utura
483 1026 533 1046 gloria
543 1026 591 1041 certi-

617 781 698 802 placitum.
704 781 731 797 Est
738 781 781 797 enim
789 781 862 802 quaedam
870 781 955 797 concordia
963 787 993 797 ma-

618 806 633 822 la
640 808 656 822 ct
663 806 787 822 communicatio
795 811 861 822 erronea
868 807 955 823 secundum
962 807 994 822 dia-

618 830 679 849 bolum,
690 831 753 846 Christo
764 831 848 846 contraria.
860 831 908 847 Porro
920 831 993 847 identita-

618 857 650 871 tem
661 855 708 871 istam
720 855 737 870 in
747 860 784 871 vera
796 855 880 876 sapientia,
892 861 925 876 qua
936 856 993 872 l'ideles

618 880 682 900 sapiunt
695 884 751 898 unum,
764 880 802 895 facit
815 880 900 896 illustratio
915 882 931 896 et
943 880 993 901 gratia

618 904 687 924 Spiritus
699 904 758 922 Sancti,
768 909 804 925 qum
816 904 922 920 humanarum
933 905 993 921 dissen-

618 928 687 947 sionum,
699 928 800 949 opinionum,
808 928 900 947 falsitatum,
908 929 991 945 diversita-

618 955 650 968 tem
658 958 676 969 ιο
684 953 758 968 nebulam
767 953 818 973 pellit,
823 955 839 969 et
846 956 908 969 mentes
916 954 992 969 humanas

618 978 634 993 in
647 982 679 993 uno
689 977 761 993 veritatis
772 977 856 998 splendore
867 983 885 994 ac
897 978 961 994 virtutis
971 978 993 994 vi>

618 1006 655 1022 goi-e
668 1002 746 1022 recolligit
758 1004 774 1017 et
786 1004 873 1018 conservat.
884 1002 925 1018 Hinc
937 1005 993 1023 quarto

618 1026 688 1047 capitulo
699 1026 719 1042 de
732 1026 793 1042 Divinis
803 1027 895 1042 nominibus
906 1027 993 1043 sacratissi-

213 1051 265 1070 l'icari,
278 1051 297 1067 ad
310 1051 399 1072 Scripturas
412 1052 488 1069 recurrat,
499 1050 515 1066 in
528 1050 560 1066 illis
573 1055 590 1066 se
597 1051 610 1066 D
618 1056 654 1066 mus
664 1051 749 1071 Dionysius
759 1053 855 1071 protestatur
866 1055 870 1066 z
880 1051 937 1067 Divina
949 1052 993 1067 honi-

213 1078 281 1097 occupet
292 1080 295 1091 :
306 1076 344 1091 dum
357 1076 400 1091 enim
413 1076 429 1091 in
442 1075 474 1091 illis
484 1075 543 1093 studet,
555 1075 589 1096 Spi-

214 1101 254 1116 ritus
269 1101 335 1116 Sanctus
351 1100 421 1121 loquitur
433 1100 453 1116 ei⁴
467 1100 500 1115 lrno
514 1104 559 1115 orare
574 1102 590 1116 et

214 1125 281 1146 psallere
292 1127 329 1141 sunt
338 1125 409 1141 remedia
418 1127 473 1140 contra
483 1124 589 1140 inordinatam

215 1150 301 1166 tristitiam.
311 1150 377 1170 Propter
389 1150 431 1170 quod
442 1149 510 1165 lacobus
520 1149 542 1165 ait
552 1153 589 1170 apo-

215 1174 265 1190 stolus
277 1179 280 1190 :
292 1174 369 1190 Tristatur
382 1174 440 1195 aliquis
453 1175 536 1189 vestrum‘l
549 1176 588 1189 oret.

214 1200 266 1220 AElquo
275 1200 329 1215 animo
339 1200 377 1215 esti
389 1199 449 1220 psallat.

235 1225 279 1240 Deus
286 1226 340 1239 autem
345 1224 432 1243 patientia
442 1224 511 1244 largitor,
521 1225 588 1241 amator,

215 1251 268 1265 custos
275 1253 294 1264 ac
302 1251 416 1267 remunerator,
424 1248 444 1264 de
454 1253 486 1269 quo
493 1248 575 1264 Psalmista
584 1253 587 1264 τ

185 1283 192 1293 ι,
204 1274 327 1290 ‚Verumtamen
344 1273 376 1289 Deo
392 1273 465 1293 subjecta
481 1275 520 1291 esto,
535 1273 588 1288 anima

214 1303 255 1317 mea.
263 1298 339 1319 quoniam
349 1298 369 1314 ah
380 1298 414 1318 ipso
422 1298 498 1318 patientia
506 1302 546 1313 mea.
554 1298 588 1313 imo

214 1328 246 1339 non
254 1323 306 1339 solum
315 1325 339 1338 est
347 1323 407 1339 donum
415 1322 443 1339 Dei
450 1327 497 1343 agere
505 1322 552 1341 bona,
560 1322 588 1338 sed

618 1077 641 1091 tas
650 1075 703 1091 lumen
711 1077 741 1094 est,
750 1075 814 1096 propria
821 1075 922 1096 plenitudine
929 1081 992 1092 omnem

618 1102 688 1115 mentem
697 1100 795 1118 illuminans,
800 1102 816 1116 et
824 1100 939 1116 intellectualia
946 1106 963 1117 ac
971 1106 993 1117 ra-

617 1125 688 1143 tionalia,
697 1127 751 1145 utpote
759 1125 823 1145 angelos
831 1130 849 1140 ac
857 1125 937 1144 homines,
943 1125 959 1141 in
967 1130 992 1141 su-

618 1149 700 1170 pei-intuso
708 1149 752 1165 radio
760 1154 857 1170 congregans
865 1151 881 1165 et
889 1150 990 1166 concordans.

617 1174 753 1192 Quemadmodum
762 1174 805 1189 enim
816 1174 904 1194 ignorantia
914 1179 942 1190 seu
952 1175 991 1190 ratio

617 1199 691 1216 humana.
703 1198 718 1214 in
731 1200 809 1219 quantum
821 1201 845 1214 est
856 1198 933 1215 effectiva
944 1204 991 1215 causa

616 1223 720 1239 dissensionis
732 1225 748 1238 et
760 1223 843 1239 divisionis
855 1228 910 1239 eorum
924 1224 951 1244 qui
963 1229 991 1245 per

617 1247 714 1268 multiplices
726 1247 802 1263 falsitates
811 1247 832 1263 ab
842 1248 911 1264 invicem
922 1250 960 1264 sunt
969 1248 991 1264 di-

616 1273 652 1290 visi,
662 1274 679 1288 ut
687 1272 702 1288 iu
710 1272 789 1288 hmeticis
798 1274 814 1287 et
824 1272 931 1288 schismaticis
939 1275 990 1293 μῆρα

616 1298 638 1313 ita
651 1297 711 1313 infusio
726 1297 766 1312 lucis
780 1297 838 1313 divinas
850 1299 874 1313 est
886 1298 991 1313 coadunativa

616 1326 671 1338 eorum
684 1322 711 1343 qui
724 1321 829 1341 illustrantur,
840 1324 856 1337 et
868 1322 962 1338 conversiva
972 1327 990 1338 ac

1022 642 1056 650 ‚um
