1079 1569
17 1236 59 1247 mur..
69 1239 81 1248 s,

208 127 282 140 mumma
293 128 304 139 ιι
315 128 351 139 Post·
361 127 427 139 Pascua.
437 132 458 135 -
467 128 489 139 Ab
499 127 596 143 nBLthos083
607 127 657 139 annuo
667 127 740 139 sanutus

832 122 861 139 ⁵91

84 169 182 185 arbitremur
194 174 242 190 quarn
256 169 368 185 miserabiliter
379 169 461 185 inexcusa·
469 169 482 185 Α
489 169 505 185 in
517 169 597 190 reliquum
609 171 653 185 tanto
659 170 719 190 jugiter
729 170 779 185 simus
788 169 863 185 ferventi-

85 194 172 215 biliterque
180 194 255 210 deficere.
260 194 323 213 Quarto,
330 196 347 210 ιιι
356 194 423 210 sollicite
431 194 462 210 dis-

84 219 166 235 cutiamus
174 219 245 239 quotidie
253 219 392 239 nosmetipsos:an
400 218 462 234 scilicet

85 243 169 259 vocatione
177 249 209 264 qua
216 243 279 259 vocavit
286 248 315 259 nos
322 243 369 262 Dens,
374 243 421 263 digne
428 243 461 263 jam

85 267 194 287 ambulemus,
203 273 223 284 an
233 268 317 284 beneficiis
325 268 360 288 ejus
368 269 432 283 utamur
440 268 462 283 le-

85 292 176 312 gitimezcn
184 294 216 308 tam
224 293 304 308 ferventes
312 294 327 308 et
335 292 411 308 indefessi
419 297 462 308 nunc

85 316 137 332 simus
149 317 165 332 in
176 317 241 333 Deitatis
252 317 335 338 obsequio,
344 322 392 338 quam
405 317 462 333 fervidi

86 343 102 356 et
110 341 217 362 infatigabiles
227 341 288 357 fuimus
297 342 335 357 olim
347 342 363 357 in
371 342 461 357 daemonum

86 366 175 386 famulatu;
182 371 203 382 an
211 366 259 382 modo
268 367 291 382 sie
299 366 399 382 abundemus
409 366 425 382 in
433 366 462 381 hu-

87 391 160 409 militate,
173 391 254 412 patientia,
268 391 396 409 mansuetudine,
409 396 462 407 exem-

86 415 166 436 plaritate,
181 416 269 436 diligentia,
283 416 373 434 sobrietate,
386 415 462 432 obedien-

87 440 114 458 tia,
123 440 193 458 caritete,
202 440 279 461 sapientia
289 443 306 456 et
316 440 384 459 fervore,
392 440 434 456 sieut
445 440 461 456 in

488 199 524 210 ores
533 199 551 210 ac
562 194 612 215 magis
623 194 731 215 proficientes,
741 196 801 215 quanto
811 194 863 210 hacce<

489 224 519 234 nus
532 219 660 239 negligentiores,
672 219 768 235 carnaliores
780 221 796 234 et
809 218 864 234 remis-

489 244 539 259 siores
550 243 645 259 exstitimus.

514 268 599 286 Postremo,
618 268 677 284 bonum
694 270 766 284 nostrum
784 270 863 288 pastorem

489 292 575 308 Dominum
585 292 638 308 lesum
649 292 735 311 Christum,
743 292 790 313 cujus
800 294 832 308 tam
842 292 865 308 in-

489 317 560 333 effabilis
570 317 590 333 ad
601 322 629 333 nos
640 319 690 333 exstat
699 317 769 335 dilectio,
778 319 810 332 tam
822 321 864 332 sum-

490 346 515 358 ma
525 342 601 362 dignatio,
610 341 696 357 liberalitas
706 343 738 357 tam
749 341 832 358 immensa,
842 341 864 357 in-

489 366 581 382 desinenter
594 371 673 386 rogemus,
686 368 703 382 ut
717 366 786 387 praefatis
801 366 864 386 pabulis

489 391 551 407 animas
564 393 625 407 nostras
638 391 744 407 exuberanter
756 391 864 411 deliciumque

490 418 549 436 pascat,
556 416 577 431 ita
585 418 602 431 ιιι
610 416 679 432 carnalia
686 416 808 437 vilipendamus⁴
813 416 864 431 Pascit

490 445 518 456 nos
526 441 608 459 Dominus,
614 441 652 456 dum
660 441 726 461 gratiam
735 443 750 456 et
758 440 830 459 virtutes,
838 440 865 456 do-

86 465 146 481 saeculo
157 465 173 480 in
183 465 227 481 omni
237 465 310 483 elatione,
320 465 424 486 impatientia,
432 465 461 483 ira,
471 465 483 480 B
491 470 510 481 na
517 467 533 481 et
543 465 605 481 fructus
615 465 684 486 Spiritus
691 465 744 481 Sancti
754 465 830 483 infundit,
838 465 864 480 vel

86 489 214 508 scandalositate,
222 490 324 510 negligentia,
332 490 409 508 fatuitate,
418 495 462 505 aver·

86 514 137 533 sione,
143 514 203 533 acedia,
209 515 274 535 crapula
281 517 296 530 et
305 515 413 530 inobedientia
419 515 462 530 dam<

86 539 187 555 nabilissime
203 539 263 555 fuimus
279 539 383 555 abundantes.
398 539 462 560 Alioqui

86 568 120 579 non
131 566 154 579 est
165 564 181 579 in
192 564 239 580 nobis
250 564 312 580 sincera
322 569 385 580 morum
398 568 462 580 conver-

86 589 117 607 sio,
129 593 158 604 nec
169 588 261 605 reformatio
271 589 309 604 satis
320 589 381 605 idonea.

107 613 189 632 Proeterea,
200 618 228 629 nos
238 613 361 634 negligentiores
373 615 389 629 et
401 614 461 634 pusilli,

86 642 106 653 ex
118 638 253 658 proeinducwrum
262 638 388 654 consideratione
400 638 463 654 bumili-

87 667 133 678 emus
141 665 157 678 et
164 663 272 684 despiciamus
282 668 311 679 nos
322 663 364 684 ipsos
375 663 462 679 humiliati-

86 691 118 703 one
125 689 196 703 extrema
204 690 219 703 et
227 687 328 708 despectione
336 688 462 708 immensazquia

87 716 138 732 quum
147 712 207 727 tamdiu
216 712 232 728 in
240 712 319 733 praetactis
327 712 419 731 uberrimis,
427 712 462 733 pin-

86 736 175 757 guissimis,
184 737 304 757 pretiosissimis
315 737 342 753 Dei
353 737 417 758 pascuis
429 737 462 753 t'ue-

489 492 536 510 auget
551 490 647 511 perficitque
662 490 678 505 in
693 490 744 508 nohis,
757 490 796 505 dum
811 490 864 506 Sacra-

490 516 544 530 mento
551 514 605 530 altaris
613 519 644 530 non
653 514 788 530 sacramentaliter
795 516 864 533 tantum,

490 539 517 555 sed
528 539 633 560 spiritualiter
643 544 707 560 quoque
718 544 747 555 nos
760 539 817 557 reficit,
825 539 864 555 dum

490 564 545 579 divino
559 564 635 579 instinctu
649 564 668 579 ad
682 564 748 580 meliora
762 568 791 579 nos
804 564 864 584 dirigit,

490 589 528 604 dum
539 589 611 609 angelica
621 588 726 609 inspiratione
736 593 754 604 ac
764 588 865 609 gubernatio-

490 618 510 629 ne
522 618 552 629 nos
564 613 621 632 erudit,
634 613 702 632 roborat,
714 613 792 632 accendit,
805 615 864 632 tuetur,

490 638 528 654 dum
539 643 568 659 per
577 643 614 654 suos
624 638 692 654 vicarios
701 638 792 659 superiores
803 640 865 654 nostros

490 667 519 679 nos
532 663 587 679 edocet
598 665 614 678 et
626 663 702 682 hortatur,
711 663 782 684 corripit,
791 663 864 684 protegit,

490 687 592 708 suffragatur.
600 687 654 703 Mutuo
662 692 726 708 quoque
733 687 826 703 reficiamus
833 687 866 703 ani-

491 717 524 728 mas
533 714 599 731 nostres,
608 712 684 731 docendo,
693 712 776 731 hortando,
782 712 865 733 increpan-

490 737 516 755 do,
521 737 627 755 accendendo,
631 737 744 757 exemplariter
751 737 864 757 conversando,

87 761 138 777 rimus
146 761 229 780 demorati,
238 762 288 777 nihilo
296 762 349 777 minus
356 762 408 777 adhuc
416 762 462 782 spiri«
470 762 481 778 C
491 766 520 782 per
534 762 616 777 caritatem
631 761 700 777 invicem
715 761 804 780 serviendo,
817 763 865 782 atque

87 786 152 802 tualiter
159 791 216 802 sumus
226 788 257 802 tam
266 786 321 805 macri,
330 788 361 802 tam
373 786 462 807 imperfecti

87 813 104 826 et
111 811 163 829 vacui,
170 811 186 826 in
195 813 255 826 tantum
264 813 282 826 ut
289 811 389 827 soecularium
396 811 461 832 qnidam

87 835 134 851 nobis
142 836 237 854 devotiores,
246 836 345 854 humiliores,
354 836 461 856 patientiores,

87 860 170 876 fractiores
186 862 202 876 et
218 860 322 876 ferventiores
337 860 461 881 comperiantur.

87 885 122 903 Quo
134 887 200 903 constat,
209 890 257 906 qnam
269 885 325 905 ingrati
336 887 352 901 et
365 885 462 905 negligentes

86 910 268 930 exstitimus,quomodo
275 910 345 926 coelestia
353 910 428 925 alimenta
436 914 463 926 no-

87 934 114 950 bis
121 934 314 955 desipuerunt,quomodo
321 934 412 955 angelicum
420 939 463 950 man-

88 964 109 975 na
120 959 202 975 nauseavit
211 960 265 975 anima
274 961 332 975 nostra.
342 959 365 975 Ex
373 964 415 975 nune
425 964 462 980 ergo

491 786 551 802 bonore
559 787 670 807 praeveniendo
675 791 679 802 z
684 788 762 807 quatenus
770 786 811 802 sicut
818 787 865 807 adipe

490 813 506 827 et
517 811 614 832 pinguedine
627 811 707 832 repleatur
717 811 771 827 anima
783 813 841 830 nostra,
849 813 865 827 et

490 836 511 852 sit
518 836 560 851 sicut
568 836 623 852 hortus
631 836 705 856 irriguus,
715 837 732 851 ut
741 835 823 856 paradisus
830 836 864 854 Dei,

490 863 508 876 ut
516 861 582 877 coelicus
592 861 642 879 locus,
651 860 667 876 in
675 864 707 881 quo
717 860 805 876 delectetur
813 861 865 876 Domi-

490 890 521 901 nus
534 885 585 901 facere
598 885 703 903 mansionem,
712 885 818 905 multiplicare
830 885 866 901 clia-

490 909 603 930 rismata,opus
609 909 661 925 facere
669 911 805 929 consummatum;
810 910 865 930 sicque

491 935 601 955 unusquisque
611 934 678 954 gratiam
685 939 733 955 quam
743 934 810 957 accepit,
819 934 835 950 in
843 934 865 950 al-

490 962 569 975 terutrum
579 959 685 975 administret.

347 1067 443 1089 SERMO
462 1066 605 1089 SEPTIMUS

189 1134 229 1148 ouon
239 1134 292 1146 onitu
303 1134 342 1146 ente
353 1134 444 1145 nal-tolosum
455 1134 537 1145 amm-Hm
548 1134 615 1146 ῦΡοιιτΙπ
626 1134 662 1146 asse
673 1134 762 1149 summ-'rum

320 1158 422 1173 oswinum,
433 1158 526 1170 mmmmm
537 1159 556 1170 m·
566 1158 636 1170 ιιοιῖιιιζιι.

124 1229 206 1245 ΝΙΜΑΜ
211 1234 262 1244 meam
268 1234 311 1248 pono
316 1234 347 1248 pro
355 1229 411 1244 ovibus
419 1229 462 1244 nucia
471 1228 483 1243 D
491 1228 529 1244 dum
543 1229 585 1249 quod
598 1229 647 1245 bonas
659 1229 713 1245 ovium
727 1229 790 1245 habere
798 1230 865 1246 debeant

129 1254 146 1270 ln
157 1253 240 1274 evangelio
251 1253 332 1269 hodierno.

109 1278 163 1297 Qualis
173 1278 230 1294 debeat
239 1283 274 1294 osse
283 1278 336 1293 omnis
344 1277 463 1296 Christifidelis,

90 1303 178 1324 prmsertim
187 1302 275 1323 religiosus,
283 1302 328 1318 docet
335 1302 422 1323 Scriptura,
428 1307 464 1323 qum

89 1333 116 1344 eos
128 1327 209 1344 uberrime
219 1332 257 1343 oves
267 1327 342 1348 appellat,
350 1327 370 1343 nd
383 1327 464 1343 insinuan-

491 1253 595 1274 proprietates
608 1258 613 1269 :
625 1258 664 1274 quas
678 1254 706 1274 qui
721 1259 753 1270 non
767 1254 820 1273 babet,
833 1259 865 1271 non

491 1282 537 1294 ovem
548 1278 611 1296 Christi,
619 1278 647 1294 sed
658 1278 723 1294 boedum
734 1279 793 1295 diaboli
803 1284 838 1295 esse
848 1284 865 1295 se

491 1305 598 1323 recognoscat.

511 1327 564 1343 Primo
571 1327 624 1348 itaque
631 1328 666 1344 ovis
673 1330 697 1344 est
704 1328 763 1344 animal
771 1329 817 1344 valde
825 1329 865 1345 utile
