1079 1569
13 470 61 484 apr-21.
65 473 80 483 vr,

301 127 375 139 munuca
386 127 391 138 1
401 126 486 138 ammos.
496 130 517 134 —
527 126 577 138 amo
587 126 642 138 1³31!th

843 121 861 137 Η

85 170 138 187 omnis
148 171 202 186 anima
213 170 234 186 sit
244 174 302 191 sponse
312 170 370 186 Christi
382 174 410 190 per
419 169 481 185 amo-A
489 169 523 188 Dei,
531 169 559 185 sed
570 169 595 185 bis
605 169 661 190 utique
670 169 698 190 qui
709 173 763 185 coram
774 169 806 185 Deo
817 168 862 184 timo-
870 172 936 185 uetant.

86 200 120 211 rem
131 195 237 216 spiritualem,
246 195 271 210 vel
282 194 353 210 adultera
364 194 422 210 diaboli
433 199 462 215 per

85 224 157 236 emerem
170 220 256 238 carnalem,
269 219 358 239 indigemus
373 219 398 234 bis
412 219 461 234 armis

86 244 132 263 lucis,
148 245 161 260 si
176 244 234 260 animm
250 246 307 260 nostrie
322 244 354 259 Deo
369 243 460 264 placebunt,

86 269 153 290 ejusque
164 273 226 290 sponsae
237 271 288 284 erunt.

106 294 185 312 Secundo,
199 293 289 314 indigemus
302 293 327 309 hia
342 292 396 311 armis,
409 292 425 308 id
437 294 461 308 est

86 318 178 337 virtutibus,
189 318 250 334 ratione
261 320 311 333 status
322 317 338 333 in
349 322 382 338 quo
392 322 460 333 sumus:

86 343 166 363 siquidem
179 343 196 358 in
208 342 267 358 mento
279 342 309 358 isto
319 342 365 363 quasi
377 342 393 357 in
405 346 462 362 campo

86 367 178 383 certaminis
194 367 241 388 positi
256 370 318 385 sumus,
331 367 347 382 in
360 371 392 387 quo
405 371 462 387 campo

87 392 133 413 quasi
148 392 164 407 in
178 392 232 407 medio
246 391 340 412 laqueorum
354 391 461 409 ambulamus,

87 417 163 437 quoniam
175 416 256 432 dromones
268 416 313 437 quasi
325 416 390 437 quidam
403 416 462 431 latrun-

87 441 120 457 culi
130 443 203 457 nostrum
212 441 287 457 obsident
296 441 331 456 iter.
340 441 404 461 Propter
413 440 461 461 quod,

489 196 522 210 rate
532 196 548 209 et
558 193 636 209 custodite
643 195 691 214 atque
698 193 766 209 sollicite
774 193 862 211 ambulant,

489 219 542 239 pavidi
557 223 621 239 semper
635 223 655 234 ne
670 218 721 234 Deum
735 218 832 233 altissimum
847 220 863 233 et

488 245 565 259 aternum
573 242 660 259 offendant.
669 243 734 263 Propter
741 242 783 263 quod
792 242 814 258 ait
822 242 863 263 Apo-

489 268 539 284 stolus
548 272 551 283 :
563 268 655 283 Sei-viamus
666 267 698 283 Deo
709 272 746 283 cum
758 269 801 283 metu
812 269 828 283 et
839 272 862 283 re-

489 292 565 308 verentia

509 317 586 333 Praeterea
600 318 665 337 possent
679 316 705 332 bic
718 316 788 337 plurima
800 316 832 332 diei
844 316 864 332 de

489 341 575 362 multiplici
588 346 650 360 somno,
663 341 738 357 videlicet
749 346 806 357 somno
820 343 864 356 natu<

489 371 516 385 rae,
527 370 583 382 sonmo
595 366 652 387 culpae,
663 370 719 381 somno
730 365 826 386 quotidiana
838 370 865 381 ne-

489 391 575 411 gligentiae,
588 395 644 406 somno
656 390 796 411 contemplationis
809 395 864 411 super-

489 420 519 434 nae,
527 420 584 431 somno
595 415 653 436 quietis
664 415 736 433 internae,
744 419 799 431 somno
809 414 864 430 mortis

489 445 508 456 ac
519 444 575 456 somno
586 440 636 455 beatae
648 439 735 458 fruitionis,
746 439 765 455 de
776 439 835 460 quibus
847 439 864 455 in

88 468 127 482 teste
139 466 220 486 Apostolo,
232 470 263 481 non
276 467 300 481 est
312 465 358 481 nobis
371 465 462 481 colluctatio
471 464 577 485 BScripturis
591 464 642 480 multa
654 464 736 483 dicuntury
748 466 764 479 et
776 464 844 485 qualiter
855 469 865 479 a

87 491 163 506 adversus
178 495 242 506 carnem
257 492 273 505 et
286 490 386 510 sauguinem,
400 489 462 505 scilicet

87 516 148 531 tantum
157 516 185 530 aut
192 514 309 535 principalium
315 514 342 530 sed
351 516 405 530 contra
411 514 462 530 aerias

87 541 178 560 potestates,
188 539 203 555 id
211 541 235 554 est
242 539 328 556 daemones,
334 541 358 554 est
366 538 412 554 nobis
420 539 463 559 prin>

86 564 143 585 cipalis
158 564 228 579 luctatio,
241 563 292 582 Quum
306 563 354 584 igitur
366 563 382 579 in
395 563 424 579 line
437 563 463 579 via

86 588 106 604 ab
117 588 226 604 invisibilibus
237 588 315 606 hostibus,
323 593 332 604 a
340 588 425 604 mundonis
435 588 462 604 bo-

87 613 164 632 minibus,
172 618 181 629 a
189 613 259 628 motibus
269 612 322 628 carnis
331 617 349 628 ac
359 613 417 628 animm
428 617 462 633 pas-

86 638 159 654 sionibus
173 638 243 658 graviter
254 642 273 653 ae
286 637 397 657 multipliciter
411 637 462 658 impu-

86 667 160 682 gnemur,
176 664 256 677 tentemur
271 666 289 677 ac
306 662 415 680 molestemur,
431 662 462 677 nixi

87 686 173 702 virtutibus
188 686 239 702 simus
253 686 316 705 armati,
332 686 403 707 undique
418 686 461 702 lmdi-

86 716 128 730 mur,
137 711 180 727 vitiis
189 711 285 729 sauciamur,
293 710 408 726 tentationibus
418 715 463 731 supe-

86 740 148 755 ramur;
156 735 292 756 quemadmodum
300 735 312 751 si
323 735 359 755 quis
370 735 386 751 in
396 740 462 756 corpore

490 489 550 505 somnis
562 491 594 504 tam
605 489 673 504 diversis
683 488 790 504 diversimode
800 488 821 504 sit
831 493 865 504 sur-

489 514 569 534 gendum;
584 514 611 529 scd
626 513 699 529 brevitati
715 514 780 529 studens
795 513 864 531 dimitto,

489 538 528 559 quia
537 540 553 554 et
563 538 604 554 int'ra
611 538 637 558 (ut
647 538 701 559 spero)
709 538 753 554 locus
764 538 800 553 inde
811 542 865 553 oecur-

490 565 519 581 ret,
524 565 540 578 et
547 563 575 578 uni
583 562 654 583 epistola*
662 567 693 578 non
702 563 732 578 nisi
741 567 792 578 unum
800 562 865 578 intendo

489 592 580 603 sermonem
591 589 680 603 annectere.

510 612 596 630 Postremo,
609 612 685 632 quoniam
698 616 727 632 pro
739 611 865 632 simplicioribus

490 637 520 652 ista
534 636 632 655 scribuntur,
648 636 675 657 qui
691 636 772 652 interdum
787 636 865 657 exemplis

490 661 541 681 magis
553 666 602 682 quam
613 661 666 676 verbis
678 661 784 679 indificantur,
794 665 866 681 propono

490 685 564 706 exempla
576 686 650 701 inserere.
661 685 728 706 Jamque
739 685 779 700 illud
789 685 865 704 occurrit,

490 710 532 730 quod
546 712 616 730 peecata,
628 709 688 730 quibus
701 709 800 725 demonibus
813 709 865 725 deser<

490 734 538 753 vitur,
552 736 595 750 recte
607 739 655 755 opera
667 734 769 750 tenebrarum
782 736 864 753 vocantur,

87 765 118 776 nou
128 762 204 778 armatus,
214 760 229 775 in
238 764 295 780 campo
302 764 330 775 seu
340 759 356 775 in
366 760 400 775 acie
408 761 462 775 contra
472 760 483 776 C
491 759 528 779 quia
543 761 558 774 et
573 759 653 774 doemones
668 758 769 774 tenebrarum
784 758 865 779 principes

86 785 186 801 adversarios
201 784 304 805 corporaliter
319 786 384 805 pugnet,
400 784 462 800 diversa

86 811 135 830 atque
146 809 228 825 mortifera
238 809 305 825 vulnera
316 809 378 829 recipit,

86 846 89 849 ⁴
106 834 165 852 Tertio,
174 834 265 854 indigemus
276 834 301 849 his
312 833 361 849 armis
373 833 419 852 lucis,
427 839 463 854 quoe

86 864 96 875 a
103 863 167 874 summa
174 860 190 874 et
198 858 268 874 increata
278 858 313 874 tuoe
324 858 431 874 intunduntur
440 860 463 874 at-

87 888 119 904 que
131 883 150 899 nd
163 888 199 899 eam
211 883 307 903 perducunt,
320 883 381 898 ratione
393 883 431 898 linis
443 883 463 898 ad

87 912 136 929 quem
151 907 211 923 eonditi
226 912 287 923 sumus.
303 907 354 923 Creati
369 907 428 923 etenim
443 908 463 923 ad

87 932 225 953 supernaturalem
236 932 358 950 beatitudiuem,
367 932 382 947 id
393 934 417 947 est
427 932 463 948 bea-

87 957 149 973 tificam
161 956 189 972 Dei
202 956 301 975 fruitionem,
313 956 415 972 consistimus
426 962 429 972 :
440 957 463 972 id-

87 982 130 997 circo
142 986 173 997 non
185 981 215 997 nisi
226 986 255 1002 per
266 981 393 1001 supernaturalia
405 981 463 1000 media,

88 1008 105 1022 ut
116 1008 154 1021 sunt
164 1006 231 1021 virtutes
242 1005 335 1026 theologicae
346 1008 362 1021 et
373 1005 434 1024 inlusa,
445 1011 463 1021 aa

87 1031 129 1046 dona
136 1030 205 1051 Spiritus
213 1030 272 1048 Sancti,
278 1030 298 1046 ad
306 1035 341 1046 eam
349 1030 421 1046 valemus
428 1035 463 1051 per<

491 783 599 802 nominantur,
608 785 655 804 atque
663 783 679 799 in
688 783 739 799 lot-ma
747 783 833 804 nigerrima
840 788 866 804 ap-

491 813 547 829 pnrere
557 808 608 824 solent
615 808 714 827 hominihus,
722 808 796 828 quamvis
805 808 821 823 in
831 812 867 828 pro-

491 833 526 853 pria
535 834 592 848 natura
602 832 710 853 incorporales
718 837 737 848 ac
747 832 829 848 incolorati
840 837 866 848 ex-

491 857 552 873 sistant.
561 857 629 878 Nigredo
638 857 712 878 equidem
724 857 809 873 minimum
819 857 866 873 hahet

491 882 510 897 de
519 882 560 900 luce,
568 882 588 897 de
595 886 626 902 qua
636 882 693 897 albedo
703 886 735 902 prm
745 882 802 897 ceteris
811 882 867 897 colori-

492 906 521 922 bus
531 906 582 927 magis
592 906 689 927 participat:
698 906 758 922 idcireo
769 906 835 926 nigredo
845 908 867 922 te-

491 931 584 947 nebrositati
592 931 677 951 spirituum
685 931 791 951 malignorum
798 930 867 951 amplius

491 956 570 976 congruit.
576 955 620 971 Unde
627 960 677 976 quum
685 955 700 971 S.
707 955 785 971 Antonius
793 960 802 971 a
809 955 866 976 spiritu

492 980 602 996 fornicationis
613 980 640 996 diu
652 985 670 996 ac
682 980 752 1000 graviter
764 980 867 1001 impugnatus

492 1005 554 1023 suisset,
562 1007 610 1025 atque
618 1005 670 1020 eidem
680 1004 753 1025 jejuuiis,
761 1004 866 1023 orationibus,

492 1029 568 1048 lacrimis,
575 1029 634 1050 vigiliis
641 1029 728 1045 fortissime
736 1029 825 1048 restitisset,
834 1031 867 1045 tau-

88 1055 154 1075 tingere.
163 1055 214 1070 Media
224 1059 282 1075 nempe
290 1055 319 1070 sini
329 1057 392 1075 oportet
400 1059 464 1076 propor-
472 1054 483 1070 D
492 1054 528 1069 dem
542 1054 593 1069 victus
606 1053 684 1072 diabolus,
698 1054 712 1070 S.
726 1054 794 1070 Antonio
807 1054 823 1069 in
835 1054 866 1069 sor<

88 1079 151 1095 tiouari.
160 1080 214 1100 ltaque
224 1079 270 1100 juxta
281 1080 370 1095 doctrinam
380 1082 396 1095 et
406 1080 464 1100 jussio-

57 1112 80 1121 ιω.
89 1109 126 1120 nem
136 1104 151 1120 S>
160 1104 209 1122 Pauli,
218 1109 301 1124 surgamus
311 1109 320 1120 a
330 1109 387 1120 somno
396 1104 464 1125 pigritias

78 1132 80 1134 ·
88 1131 104 1144 et
112 1129 179 1149 peccati,
187 1131 203 1144 et
211 1129 278 1144 Domino
286 1129 318 1144 Deo
328 1131 382 1145 nostro
391 1129 465 1145 alacriter

88 1153 267 1172 aerviamus,serventer
274 1153 464 1175 adhaeieamus,prompte

88 1178 188 1197 obediamus,
197 1179 332 1199 quemadmodum
343 1179 359 1194 in
370 1179 411 1194 libro
417 1179 464 1194 Josue

89 1203 157 1218 babetur
168 1208 172 1219 :
183 1203 244 1219 Servite
254 1203 322 1219 Domino
334 1203 381 1219 corde
394 1203 465 1224 perfeeto

57 1241 81 1250 vm.
89 1229 137 1248 atque
145 1227 233 1243 verissimo.
240 1228 332 1243 Maledictus
340 1228 383 1244 enim
390 1228 418 1249 qui
427 1228 465 1244 lacit

89 1257 130 1273 opus
145 1252 173 1268 Dei
188 1252 291 1272 negligenter.
305 1252 324 1268 Et
336 1252 410 1268 Salomon
424 1253 446 1268 ait
460 1257 463 1268 ε

50 1285 66 1294 u,
78 1289 80 1292 .
89 1277 180 1298 Usquequo.
189 1277 239 1298 piger,
247 1277 319 1293 dormis(
328 1277 368 1293 Nam
379 1280 396 1293 ut
407 1278 422 1293 S,
434 1278 465 1293 Leo

89 1302 131 1322 Papa
142 1302 205 1320 latetur,
214 1306 245 1317 non
257 1302 380 1322 negligentibus,
389 1307 420 1318 non
432 1302 464 1318 otio

89 1326 184 1347 ignaviaque
197 1326 297 1347 torpentibus
311 1327 384 1347 provenit
397 1332 463 1347 regnum

492 1084 518 1094 ma
525 1079 608 1099 nigerrimi
616 1079 738 1099 turpissimique
744 1079 822 1100 AEthiopis
830 1084 866 1095 cum

492 1104 571 1119 flammeis
579 1104 653 1124 apparuit
660 1104 775 1122 oculis,dieens
781 1108 785 1119 z
791 1104 824 1124 Ego
831 1109 866 1120 surn

492 1128 558 1149 spiritus
569 1128 683 1144 fornicatiouis.
695 1128 724 1144 Cui
735 1128 791 1144 beatus
802 1133 867 1149 respon-

492 1153 515 1169 dit
522 1153 600 1169 Antouius
609 1158 613 1169 5
621 1153 688 1169 Multum
699 1153 751 1174 turpis
759 1155 775 1169 et
782 1153 867 1169 detestabi-

493 1178 512 1194 lis
523 1183 545 1196 es,
555 1178 591 1193 ideo
601 1180 616 1194 te
627 1178 647 1193 de
658 1180 710 1194 cetero
722 1183 753 1194 uon
765 1178 830 1194 timebo.

514 1203 579 1223 Legitur
593 1207 657 1223 quoque
670 1203 685 1218 in
698 1203 811 1224 Vitaspatrum,
825 1204 867 1224 quod

492 1228 557 1249 quidam
568 1230 632 1243 sanctus
642 1228 708 1243 eremita
718 1228 768 1244 Deum
780 1228 840 1248 rogavit
850 1230 868 1244 ut

492 1253 572 1268 daemones
579 1252 611 1268 sibi
618 1252 713 1268 ostenderet,
718 1252 747 1268 Cui
755 1253 797 1268 Deus
805 1257 868 1273 respon-

491 1277 515 1293 dit
521 1282 524 1293 :
530 1277 564 1293 Non
572 1281 612 1298 opus
620 1279 644 1292 est
652 1277 681 1292 tibi
689 1277 772 1297 adspicere
781 1277 865 1293 daemones.

492 1302 511 1318 Et
523 1302 550 1317 ille
563 1301 603 1317 dixit
614 1306 617 1317 τ
628 1301 700 1320 Domine,
713 1301 763 1322 gretia
775 1304 802 1317 tua
814 1304 866 1322 potest

492 1332 518 1343 me
529 1326 623 1342 confortare.
632 1326 676 1342 'runc
686 1326 727 1342 Deus
738 1327 801 1347 aperuit
811 1326 866 1343 oculos

877 271 912 282 mor.
919 274 937 284 m,

871 287 888 298 ui

879 762 922 776 sm*
925 765 939 775 u,

874 778 890 789 ts<
