1079 1569
151 907 171 919 1²·⁴
176 911 204 919 mm

218 115 249 133 880

362 121 437 133 mmmm
448 121 453 132 Ι
463 121 591 135 omont-usum.
601 126 621 129 —·
631 121 719 133 ENARM'HU
730 121 746 133 m
756 121 854 135 numum!

218 166 235 180 te
243 164 259 180 in
267 164 343 180 omnibus
350 164 381 180 viis
389 164 431 184 tuis3
441 168 473 180 non
482 166 535 180 autem
545 164 561 180 in
569 169 595 180 va·
602 164 615 180 A
621 166 645 180 est
654 168 658 180 t
666 169 698 180 non
706 164 750 180 enim
760 164 821 185 indiget
828 164 922 185 angolorum
931 163 991 182 auxilio,

219 189 244 204 nis
254 189 348 210 praecipitiis
357 193 360 204 ε
369 189 429 205 idcirco
439 189 511 205 diabolus
520 189 550 204 hoc
558 189 594 204 sub-

219 213 270 232 ticuit,
279 218 299 229 ne
309 218 338 229 sna
347 213 454 229 fraudulentia
464 215 545 229 notaretur
553 218 563 229 a
571 214 595 229 Je-

219 243 243 256 su,
256 243 305 259 quem
320 238 408 259 sapientem
423 243 458 254 esse
473 238 559 259 perspexit*
572 239 594 254 Ει

219 263 238 278 r'n
248 264 329 281 manibus,
340 263 370 279 hoc
382 265 407 279 est
418 268 447 279 sua
457 263 515 279 virtute
527 268 546 279 ac
557 267 594 284 opo-

219 288 280 303 ratione
292 292 320 303 seu
332 288 475 306 administratione,
489 289 552 306 tollent,
564 288 595 304 boc

219 314 244 328 est
258 312 344 333 portabunt
357 315 379 330 lc,
391 317 441 333 quum
456 312 505 328 fuerit
519 315 594 333 opportu-

219 342 264 355 num,
273 342 294 352 ne
300 337 344 356 forte
351 338 423 357 offendas
430 338 453 352 ad
460 338 531 356 lapidem
537 338 595 356 pedem

220 364 273 379 tuum,
281 361 311 377 hoc
319 363 348 380 est,
357 367 377 377 ne
385 362 446 382 aliquid
454 362 470 377 in
478 362 504 378 via
513 362 543 378 tibi
553 361 595 377 obsi-

219 388 250 402 stat
257 388 285 402 aut
292 386 374 402 laesionem
382 386 451 402 inducet.
461 386 551 402 Secundum
559 386 595 402 nie-

219 415 310 432 ronymum,
318 411 391 432 aliosque
399 411 476 430 doctores,
485 411 556 432 psalmus
567 411 595 427 iile

219 440 251 451 nou
263 438 288 451 est
299 436 319 451 ad
331 436 401 452 litteram
413 436 483 457 scriptus
495 436 515 452 de
526 436 594 454 Christo,

621 189 649 210 qui
661 189 711 209 major
721 191 745 205 est
756 189 821 210 angelis.
830 189 871 207 Quin
882 189 937 209 potius
948 188 992 206 disce,

621 213 690 232 diabole,
695 213 737 234 quod
745 213 776 229 nisi
783 214 828 229 Iesus
836 213 920 234 adjuvaret
927 213 992 233 angelos,

621 238 723 254 offenderent
731 238 779 259 pedes
787 243 828 254 suos.
840 238 891 256 Quare
898 240 953 253 autem
961 237 992 253 siles

621 263 663 284 quod
676 263 751 279 subditur
764 268 767 279 z
780 263 832 283 Super
843 263 915 283 aspidem
928 265 945 278 et
958 262 992 278 basi-
1002 267 1037 279 am:

622 288 679 303 liscum
694 287 790 306 ambulabis,
804 289 840 306 etc„
853 287 885 303 nisi
898 287 936 308 quia
951 289 968 302 tu
979 292 993 303 es

622 312 670 333 aspis,
678 314 695 328 tu
704 312 794 331 basiliscus,
802 314 820 328 tu
831 312 860 331 leo,
869 314 885 328 tu
896 312 954 328 dracoi
963 312 993 328 liaec

622 337 702 357 Origenes.

642 362 671 377 Ait
680 362 707 376 illi
713 362 760 377 Jems
767 366 835 377 rurmm
843 366 849 376 :
856 361 943 380 Scriptum
951 363 973 376 ext
980 361 993 376 iu

622 386 745 402 Deuteronomio
758 390 762 402 ε
776 386 814 401 Nun
827 386 898 401 tentabis
908 386 994 401 Dominum
1007 392 1041 403 aas.

622 412 674 426 Deum
686 413 738 426 cuum⁴
752 411 784 426 Hoc
796 410 863 431 protulit
875 410 954 428 Christus,
967 408 1012 426 nou*K

622 440 639 451 se
651 435 746 456 appellando
757 435 807 451 Deum
818 435 883 454 diaboli,
892 435 968 456 quamvis
977 435 995 450 sit

219 460 247 476 sed
257 460 276 476 de
287 465 389 481 quocumque
400 460 465 476 homine
475 461 518 481 justo
527 460 594 478 viatore,
604 461 616 476 Β
623 460 658 480 ejus
666 462 732 478 creator,
740 460 787 478 Deus,
795 464 814 476 ac
821 460 904 478 Dominus,
913 464 966 480 neque
974 459 994 475 di-

218 484 311 505 angelorum
324 485 397 501 custodia
409 485 495 505 indigente,
508 490 540 506 qua
552 485 595 501 Chri-

219 511 253 525 stus
265 514 297 525 nnn
309 509 358 530 eguit.
371 510 389 525 In
403 514 435 530 quo
447 511 490 530 patet
505 510 551 526 dolus
563 509 595 525 dia-

219 534 258 552 boli,
272 534 371 555 Scripturam
389 534 491 553 mendaciter,
509 536 525 550 et
541 536 595 550 tamen

219 559 329 575 verisimiliter
339 559 441 580 multumque
452 561 548 580 apparenter
558 559 595 574 alle—

219 583 271 603 gantis
281 585 297 599 et
308 583 408 604 applicantis⁴
420 584 492 599 Christus
503 585 557 599 autem
569 588 596 599 an-

219 608 291 628 gelorum
303 608 363 629 auxilio
375 610 391 624 et
403 608 475 624 custodie
490 613 521 624 non
533 608 595 629 egebat,

219 632 258 653 quia
267 635 284 648 et
293 633 382 648 secundum
393 633 483 654 superiores
494 633 552 649 animm
563 638 596 649 sum

219 657 261 673 vires
274 657 334 673 exstitit
347 657 474 678 comprehensor,
484 657 545 678 angelis
557 662 595 673 cun-

219 681 249 697 ctis
261 681 352 702 perfectior,
365 682 421 703 eisque
433 682 485 700 altior,
498 682 561 702 dignior
573 683 595 697 at-

219 711 250 727 que
260 706 342 727 potentior,
351 711 383 722 non
394 707 444 722 solum
454 707 542 722 seeundum
553 707 595 727 quod

219 731 267 750 Deus,
278 731 310 747 imo
322 733 338 747 et
350 731 438 747 seeundum
451 733 523 747 naturum
535 736 595 747 assum-

623 487 665 500 recte
678 485 775 505 increpando
787 484 868 500 diabolum
881 485 901 500 de
913 484 944 500 hoc
956 484 995 505 quod

622 509 703 525 Christum
719 511 806 525 creatorem
820 514 868 525 suum
882 510 944 525 tentare
960 514 995 530 pm

623 534 703 555 sumpsit:
712 538 744 550 non
755 534 799 550 enim
810 534 861 550 voluit
873 534 956 550 insinuare
966 533 995 549 dia-

623 559 659 574 bolo
671 559 721 574 Deum
732 563 749 574 se
759 563 799 574 esse.
810 558 840 574 Sed
852 563 909 574 sensus
919 560 944 574 est
953 558 996 574 :Non

622 583 691 599 tentabis
706 583 792 599 Dominum
807 583 857 599 Deum
871 585 924 602 tuum,
937 583 954 599 id
969 585 995 601 est,

623 608 635 624 O
642 608 690 624 homo
700 608 804 629 quicumque,
812 612 844 623 non
852 612 939 628 praesumas
948 608 995 623 Deum

623 634 689 648 tentare.

642 657 690 673 Porro
701 657 752 673 Deum
762 658 827 675 tentare,
839 659 863 672 est
872 657 934 677 absque
945 661 996 673 neees-

623 682 669 697 sitate
681 682 701 697 de
714 681 749 701 ejus
762 681 845 702 sapientia,
857 681 964 702 providentia.
973 681 996 697 vel

623 706 699 727 potentia,
716 706 844 726 experimentum
859 711 928 724 sumere,
943 708 997 727 utputa

622 731 711 746 omittendo
722 730 764 751 quod
776 730 841 746 aliunde
851 732 904 751 potest
914 730 940 746 vel
952 730 997 746 habet

220 757 269 776 ptam,
277 758 343 776 propter
351 755 387 776 ejus
394 760 431 771 cum
439 755 491 771 Verbo
500 758 559 771 aeterno
567 756 595 776 hy·
604 756 615 772 C
622 755 676 773 homo,
691 757 707 771 et
721 755 810 771 secundum
826 755 915 770 humanum
933 755 997 771 modum

220 780 313 801 postaticum
326 780 407 796 unionem,
418 780 465 796 Porro
478 780 557 801 scriptura
568 780 596 796 illo

220 809 251 821 non
264 807 288 821 est
301 805 322 821 ita
337 805 445 825 intelligenda,
459 805 504 826 quasi
520 805 567 821 electi
579 807 595 821 et

219 829 286 845 virtuosi
296 830 313 845 iu
321 830 353 845 vita
363 830 393 845 hac
401 834 430 850 per
439 829 532 850 angelorum
543 831 595 845 cusio-

219 854 262 870 diam
271 859 281 870 a
291 854 337 869 malis
347 859 398 875 poenae
408 859 436 870 seu
446 854 569 870 adversitatibus
579 856 595 870 et

220 879 304 895 tormentis
320 881 438 899 prmserventur
455 881 483 894 aut
499 879 593 899 eripiantur,

205 911 212 920 ι,
219 903 293 924 quamvis
303 903 384 919 interdum
393 903 423 919 hoc
431 903 492 919 accidat
500 908 504 919 z
514 903 546 919 imo
555 903 595 919 mul·

219 930 239 944 tae
254 930 291 943 sunt
306 928 418 944 tribulationes
433 928 513 948 justorum
529 928 546 943 in
561 928 594 944 vius

219 952 302 973 prmsenti;
313 952 341 968 sed
352 953 395 973 quod
405 957 415 968 a
426 952 472 968 malis
484 952 535 973 culpae
547 952 595 973 potis-

219 977 278 992 simum
292 979 410 998 praeserventur
421 982 450 998 per
464 977 533 997 angelos,
547 979 563 992 et
574 977 594 992 ab

218 1001 299 1022 aliquibus
309 1002 357 1017 etiem
368 1002 478 1022 corporalibus
487 1002 593 1017 nocumentis.

239 1026 284 1042 Circa
296 1026 339 1042 hunc
352 1026 405 1042 locum
418 1026 489 1047 loquitur
501 1026 576 1047 Origenes
590 1031 593 1042 :

622 780 653 796 sibi
663 779 747 796 incumbit.
756 780 866 801 Multipliciter
875 781 928 796 autem
939 780 997 796 contin-

621 805 645 825 git
655 805 679 820 sic
689 804 739 820 Deum
750 806 815 820 tentare⁴
828 804 886 823 Primo,
898 805 997 825 experimen-

622 831 656 845 tum
664 829 750 850 querendo
757 829 777 845 de
784 829 863 850 sapientia
870 829 936 850 ejus,an
944 830 997 845 omnia

622 854 671 874 sciat;
682 854 706 874 vel
715 854 734 870 de
742 854 843 874 providentia
851 854 892 874 ejus,
900 859 921 870 au
928 854 998 870 bumana

621 878 705 899 gubernet,
714 881 729 894 et
737 878 844 894 servientibus
852 878 883 894 sibi
891 879 937 897 adsit,
944 884 997 900 quem-

621 903 707 919 admodum
720 903 736 919 in
749 903 803 919 Exodo
815 903 835 919 de
847 903 886 919 filiis
899 904 948 919 Isreel
961 904 997 919 scri-

621 930 667 949 ptum
680 929 704 944 est
717 932 721 943 z
733 927 816 946 Dixerunt,
828 928 877 943 Estne
889 928 968 944 Dominus
982 928 997 944 in
1007 934 1048 945 mm

621 952 674 971 nobis,
682 957 702 968 an
712 953 756 968 noni
763 952 791 968 Vel
801 952 820 968 de
830 952 948 973 omnipotentia
957 953 997 973 ejus,
1003 951 1012 961 ³·

622 977 710 992 secundum
724 977 763 992 illud
775 977 791 992 in
804 977 866 993 Psalmo
876 981 880 992 ς
891 977 999 993 'tentaverunt
1009 983 1048 994 aum

621 1002 678 1020 Deum,
686 1003 702 1017 et
709 1001 789 1020 dixerunt,
797 1001 879 1022 Numquid
889 1002 949 1022 poterit
958 1002 999 1018 Deus
1006 1000 1032 1010 ’μ’

622 1031 677 1047 parare
692 1031 764 1041 mensum
780 1026 796 1041 in
811 1026 888 1042 deserto?
900 1027 940 1042 Item
953 1031 999 1047 expe-

219 1051 263 1067 Unde
275 1051 310 1070 tibi,
323 1051 392 1070 diabole,
405 1051 446 1067 scire
458 1051 500 1072 quod
516 1051 545 1067 ista
557 1053 595 1067 sunt
602 1052 614 1067 D
622 1051 678 1066 riendo
687 1051 785 1066 voluntatem
794 1051 822 1066 Dei
831 1055 835 1066 z
844 1053 862 1066 ut
872 1051 896 1067 illi
904 1051 932 1072 qui
942 1051 999 1067 volunt

219 1077 268 1092 verni
277 1076 358 1097 Numquid
370 1076 422 1096 legisti
434 1076 524 1097 Prophetas,
532 1077 561 1091 aut
571 1075 594 1091 di<

218 1100 256 1116 vine
266 1098 341 1121 eloquia?
350 1100 409 1121 Legisti
420 1100 491 1121 quidem,
502 1105 534 1116 non
547 1102 565 1115 ut
576 1105 595 1116 ex

219 1130 274 1141 eorum
287 1125 355 1141 lectione
368 1125 425 1141 melior
437 1125 491 1143 lieres,
504 1125 532 1141 sed
545 1127 563 1140 ut
575 1125 595 1140 de

219 1149 289 1170 simplici
298 1149 350 1165 littera
360 1154 387 1165 eos
396 1149 424 1170 qui
433 1149 480 1165 amici
491 1151 528 1165 sunt
539 1149 595 1165 litterae

219 1174 312 1190 interficias.
327 1174 366 1190 Vide
383 1176 437 1190 autem
454 1174 534 1195 quomodo
548 1176 564 1189 et
579 1174 595 1189 in

219 1199 259 1220 ipsis
271 1199 366 1214 testimoniis
379 1198 451 1214 diabolus
462 1198 553 1219 versipellis
565 1201 594 1214 est.

219 1223 257 1239 Vult
272 1223 315 1239 enirn
332 1223 405 1239 minuere
421 1223 487 1243 gloriam
503 1223 595 1241 Salvntoris,

220 1248 265 1269 quasi
279 1248 349 1268 indigeat
360 1248 420 1263 auxilio
432 1247 531 1268 angelorum,
544 1247 595 1263 osten-

220 1277 267 1289 surus
279 1272 337 1293 pedem
349 1272 380 1288 nisi
393 1272 457 1288 illorum
470 1272 530 1288 auxilio
543 1272 596 1288 suble-

220 1299 271 1313 vetur.
276 1297 308 1313 Hoc
315 1297 359 1313 enim
367 1297 518 1315 testimonium,non
527 1297 546 1313 de
554 1297 597 1313 Chri-

220 1324 250 1341 sto,
264 1322 292 1338 sed
306 1322 325 1338 de
337 1321 396 1338 sanetis
410 1322 506 1342 generaliter
518 1321 596 1342 scriptum

622 1075 691 1096 experiri
705 1077 759 1091 utrum
772 1075 813 1091 Deus
828 1075 870 1091 inira
882 1078 947 1097 tempus
961 1081 999 1097 pra—

621 1100 673 1116 fixum
685 1104 712 1115 eos
723 1100 762 1115 velit
773 1099 847 1118 liberare,
858 1100 880 1116 ita
890 1101 933 1121 quod
945 1103 1001 1121 postea

622 1124 657 1145 ejus
669 1129 701 1140 non
715 1124 826 1145 praestolentur
838 1125 917 1141 auxilium
931 1125 964 1141 nisi
978 1126 1000 1141 in-

623 1149 669 1165 terim
681 1149 704 1165 eis
717 1149 815 1167 subvenerit,
824 1149 870 1170 juxta
881 1150 921 1166 illud
931 1150 999 1166 Iudith:
1053 1167 1054 1171 ,

622 1173 651 1192 Qui
663 1173 701 1189 estis
711 1178 745 1192 vos,
754 1174 781 1194 qui
793 1174 857 1190 tentatis
866 1174 954 1190 Dominum
961 1176 968 1190 7
975 1175 1031 1194 Ρο-;,.,-
1040 1174 1054 1192 Χιἶ

623 1198 678 1214 suistis
685 1203 713 1214 vos
722 1200 785 1219 tempus
793 1199 900 1214 miserationis
908 1199 980 1218 Domini,
986 1202 1000 1215 el
1008 1200 1034 1210 Μ’
1053 1201 1054 1205 ’

623 1223 639 1238 in
654 1222 720 1238 arbitrio
732 1225 786 1238 vestro
799 1223 842 1239 diem
857 1223 966 1240 constituistis
981 1224 1000 1240 ei.

622 1247 682 1263 Rursus
698 1247 728 1263 hoe
744 1247 768 1266 rit,
784 1248 855 1264 indebite
869 1248 1000 1269 experimentum

623 1272 709 1292 qufflrendo
719 1272 757 1292 quid
768 1272 816 1288 homo
826 1272 876 1293 possit
884 1273 927 1293 apud
935 1273 988 1289 Deum
997 1278 1000 1289 z

623 1298 639 1312 et
651 1296 681 1312 hoc
692 1296 765 1312 diabolus
776 1297 838 1313 Christo
849 1297 904 1313 suasit.
916 1298 953 1314 iioec
964 1303 1001 1319 ergo

623 1321 688 1337 vitanda
700 1323 742 1340 sunt,
755 1322 832 1342 quamdiu
847 1322 895 1338 hebet
906 1323 943 1343 quis
956 1323 1002 1339 aliud
