1079 1569
148 392 186 404 Ena:

146 411 181 421 nun.
189 409 199 419 α,

134 1010 199 1022 numi.

139 1047 175 1069 nur..

205 119 225 136 Μ
420 125 493 137 nentium
504 125 515 137 n
525 125 610 137 annu-rua.
620 130 640 132 —
650 125 700 138 sano
710 125 773 146 raa-rius

206 168 290 184 devotione
304 168 371 184 deberet
384 169 416 184 Deo
428 169 515 184 intendere.
528 169 580 187 Ouum
588 168 601 184 A
608 169 714 184 damnationis
724 171 791 185 :etex-nia.
801 169 817 185 ln
826 169 886 190 quibus
893 169 937 189 viget
946 174 984 190 pru<

206 197 244 208 vero
257 193 326 209 coelestis
337 193 391 214 grauae
404 193 439 209 luce
452 193 554 214 perfunditur
565 195 581 209 et

206 217 234 233 Dei
245 218 305 234 auxilio
316 218 404 236 roboratur,
413 218 451 233 dum
461 218 515 234 divino
526 222 580 233 amore

206 242 299 258 accenditur
312 244 328 258 et
340 242 426 258 virtutibus
438 242 529 262 stabilitur;
542 244 580 258 tune

206 267 288 288 passiones
300 269 316 282 et
328 267 372 285 vitia,
382 267 492 283 distractiones
504 269 520 283 et
532 267 581 287 phan-

206 293 273 307 tasmata
284 296 320 308 mox
331 291 392 312 abjicit,
400 293 416 307 et
426 292 458 307 Deo
467 291 546 307 stabiliter
555 296 581 307 va-

206 318 237 335 cat,
248 316 264 332 in
276 316 375 332 orationibus
387 318 403 332 et
412 316 542 332 meditationibus
555 316 581 332 bo-

206 341 232 356 nis
250 341 338 361 ceterisque
352 341 412 356 divinis
429 340 482 356 stabili
496 341 580 357 devotione

207 365 283 386 persistit,
294 365 355 381 loetatur
367 370 386 381 ac
398 365 467 386 prolicit*
478 365 515 381 Ideo
526 365 542 381 in
553 365 581 381 Ec-

206 390 296 406 clesiastico
305 390 383 410 scripturn
391 392 415 406 est
423 394 427 405 z
435 390 482 408 Quasi
492 390 580 411 parturien-

206 414 233 433 tia,
245 418 273 430 cor
285 416 330 430 tuum
345 414 455 435 phantasmata
467 415 537 435 patitur;
549 414 580 430 nisi

206 439 256 455 luerit
265 439 286 455 ab
296 439 378 455 Altissimo
389 439 447 455 emissa
457 439 532 455 visitatio*

608 193 662 209 dentia
669 193 727 212 carnis,
736 198 771 214 qum
780 194 825 214 juxta
832 193 932 214 Apostolum,
941 198 985 209 mors
992 197 1023 208 ιω-
1029 198 1057 207 ma

608 220 637 233 est.
646 218 715 236 Quonim
726 218 804 239 sapientia
814 220 838 234 est
848 220 916 237 terrena,
923 218 985 233 anima·
998 222 1057 233 lauta.

609 242 629 258 lis
639 244 656 258 et
666 242 750 261 diabolica,
761 243 849 258 secundum
860 243 949 263 apostolum
960 242 985 258 la·
993 239 1012 248 ¹⁵·

609 267 667 282 cobum
679 272 683 283 z
697 269 721 283 est
734 267 778 283 enim
793 269 861 286 terrena,
875 267 890 283 in
906 269 985 288 quantum

608 291 691 312 superflue
701 294 800 312 occupantur
811 292 853 307 circa
864 292 950 308 exteriores
961 292 985 307 di-

609 316 664 336 vitias;
674 316 754 335 animalis,
765 316 781 332 in
793 318 871 337 quantum
883 318 958 337 quazrunt
968 318 986 332 et

609 343 662 356 amant
674 341 746 357 carnales
758 341 874 357 consolationes
886 343 934 362 atque
946 341 986 357 deli-

609 365 651 385 cias;
661 365 745 384 diabolica,
754 365 769 381 in
780 367 858 386 quantum
871 367 948 386 appetunt
959 370 987 381 ex>

609 390 699 405 cellcntiam
715 395 772 406 vanam
787 392 803 406 et
817 390 895 406 humanos
910 390 984 406 bonores.

608 414 653 430 Tales
662 414 709 434 igitur
716 415 814 435 resipiscant,
818 415 910 435 poeniteant,
914 419 931 430 se
937 415 987 430 defle

608 440 636 454 ant
643 441 659 454 et
666 439 803 457 emendent,sicut
810 439 882 455 hortatur
889 439 984 460 Apostolus:

226 464 302 479 l’raeterea
312 463 344 479 Deo
354 463 435 479 hominem
445 464 513 484 gratiose
523 468 541 479 ac
552 463 580 479 mi·
589 464 601 480 B
609 463 708 484 Resipiscant
715 464 804 484 (inquiens)
811 468 820 479 a
830 464 889 479 diaboli
900 464 966 484 laqueis,
974 469 985 480 a
1000 469 1009 481 n
1016 470 1060 481 rm..

206 488 307 504 sericorditer
318 488 412 506 illustrante,
421 488 474 503 statim
486 488 543 508 incipit
553 488 580 504 bo-

206 517 233 528 mo
240 513 321 528 nttcndere
328 517 366 528 curn
373 512 432 528 affectu
440 514 456 528 et
463 515 510 533 gustu
518 513 581 529 interno

206 542 225 553 ea
232 542 267 558 quie
275 537 356 558 pertinent
363 537 382 552 ad
392 542 437 553 suam
447 537 520 556 salutem,
529 539 567 558 puta
576 542 579 553 :

206 566 255 583 quarn
264 562 324 578 bonurn
334 563 382 582 atque
392 562 455 577 salubre
463 561 484 577 sit
491 562 523 577 Deo
532 562 581 578 servi-

206 591 229 605 re,
239 591 287 607 quam
299 586 331 602 vile
343 588 359 602 et
371 586 478 607 periculosum
491 586 512 602 sit
524 586 581 602 daemo-

206 616 245 627 nnm
253 611 381 632 suggestionibus
388 610 513 631 obedireJquam
521 610 580 630 brevis,

206 636 266 651 incerta
277 637 294 651 et
304 635 352 651 fallax
364 635 385 651 sit
395 636 428 651 vita
439 640 513 656 praesens,
521 638 581 656 quanta

206 662 271 681 peccata
279 660 383 679 commiserit,
389 665 436 681 quam
444 660 549 681 negligenter,
554 665 580 681 pe-

206 684 274 700 riculose
281 689 300 700 ac
308 684 420 700 damnabiliter
427 685 493 704 vixerit3
501 689 549 705 quam
558 685 580 700 in-

205 711 259 730 gratus
267 706 316 725 tubrit
323 709 360 727 Deo,
369 714 416 729 quam
425 709 529 725 intolerabilis
536 709 580 725 darn—

206 734 249 749 natio
260 734 290 749 sibi
302 734 355 752 instet,
364 734 394 749 nisi
406 738 422 749 se
433 734 506 754 protinus
517 738 553 749 vere
564 736 580 749 et

608 492 641 509 quo
655 488 713 508 captivi
727 490 801 504 tenentur
815 489 834 504 ad
850 489 900 509 ipsiua
912 489 985 505 volunta-
993 486 1011 496 ω’

608 514 646 528 tem.
655 512 687 528 Hoc
697 513 744 528 modo
752 513 793 528 Deus
801 513 817 528 in
825 513 875 529 veteri
883 513 984 529 Testamenta

608 537 706 552 illuminavit
713 537 762 553 David
773 542 832 557 regem.
840 537 870 556 Qui
877 542 928 558 quum
938 538 983 554 adul·
1003 543 1060 557 unqu

608 562 666 577 terium
676 562 813 582 homicidiumque
823 562 893 581 fecisset,
901 564 945 578 tanta
954 567 984 579 sua
991 562 1011 570 ¹¹¹·

608 586 678 602 facinora
687 586 741 602 multia
749 586 806 602 diebus
813 591 845 602 non
852 587 926 605 advertit,
931 592 983 608 neque

608 611 688 631 poenituit,
697 615 780 631 quousque
788 611 849 627 Nathan
860 611 937 632 propheta
945 612 983 627 inis-

608 640 635 651 sus
647 640 656 651 a
668 635 706 653 Deo,
720 635 772 656 ipsum
788 636 869 656 corripuit.
883 636 927 652 Tunc
939 636 982 652 enim

608 659 640 675 Deo
648 659 742 678 illustrante,
751 660 767 675 in
776 660 808 675 ictu
816 660 858 676 oculi
868 660 947 676 scelerum
957 665 983 676 su-

608 688 653 700 orum
668 685 779 700 enormitatem
794 687 810 700 et
823 689 868 701 suasn
883 685 983 705 ingratitudi-

608 714 645 724 nem
655 709 780 729 prolundiasime
787 709 908 730 clarissimeque
916 715 983 730 perpen-

608 733 636 751 dit,
649 735 696 754 atque
710 738 730 749 ex
745 734 853 749 inaestimabili
868 734 909 750 dixit
922 734 982 753 dolore,

205 758 253 778 digno
267 758 350 778 emendet3
363 763 410 779 quam
425 763 518 779 perversum
531 760 547 774 et
558 758 580 774 sa-
589 759 600 775 G
608 758 672 774 Peccavi
681 758 798 774 Dominoznam
807 760 824 774 ut
831 758 880 779 aliqui
888 759 983 776 dicunttam
991 763 1059 774 man-ru.
1074 752 1075 755 ¹

206 785 252 799 tuum
263 783 290 801 sit,
299 787 328 804 pro
339 783 388 803 hujus
400 782 498 798 brevissimas
509 783 546 798 vitm
557 783 580 798 di>

205 808 249 824 vitiis
261 809 308 828 atque
320 807 413 826 honoribus,
425 812 454 828 pro
465 807 552 823 immunda
561 812 580 823 ac

206 832 268 848 misera
276 832 327 848 carnis
337 832 405 850 deliciis,
413 834 488 847 aeternam
496 831 580 847 beatitudi-

206 862 243 872 nem
251 857 322 877 perdere,
327 856 453 877 infernalemque
460 856 580 872 acerbissimam

206 886 270 902 poenam
278 886 360 902 nunquam
368 881 455 897 liniendam
463 881 581 896 incurret-elta-

206 910 237 927 que
248 906 311 926 quando
321 906 350 921 lios
360 907 404 921 actus
415 905 431 921 in
441 910 458 921 se
466 905 547 926 quispiam
555 910 581 921 ex-

206 931 271 951 peritur,
275 930 378 951 probabiliter
386 930 426 946 scire
434 930 535 950 potestquod
543 935 580 946 vere

206 955 297 971 illuminata
306 955 327 971 sit
334 955 374 971 ratio
383 955 418 975 ejus
426 959 435 970 a
442 954 480 973 Deo,
488 955 530 970 etde
538 959 580 970 caeco

206 979 274 995 effectus
285 980 305 995 sit
314 980 375 995 videns.
384 979 420 995 ideo
430 979 487 999 gratias
497 981 533 999 agat
542 979 579 997 Deo,

206 1004 297 1020 humillime
306 1009 343 1019 cum
351 1003 434 1019 Psalmista
443 1003 529 1019 decantans
538 1008 541 1019 :
550 1004 580 1019 Do-

206 1029 260 1044 minus
268 1028 364 1044 illuminatio
372 1033 406 1044 mea
414 1030 430 1043 et
437 1028 479 1043 salus
488 1032 528 1046 mea,
533 1033 580 1049 quern

206 1078 262 1094 sedero
272 1078 288 1093 in
298 1077 368 1093 tenebris
375 1077 398 1097 (id
408 1079 432 1093 est
442 1077 458 1092 in
469 1077 542 1098 praesenti
554 1082 580 1093 ex-

205 1103 247 1121 silio,
256 1103 272 1118 in
282 1102 323 1118 valle
334 1102 363 1117 hac
375 1102 481 1120 lacrimarum,
490 1102 506 1117 in
516 1107 579 1118 carcere

205 1128 258 1143 carnis
268 1127 344 1144 mortalia.
353 1126 380 1142 ubi
389 1126 459 1142 tenebris
467 1126 521 1142 multis
529 1126 579 1142 invol-

205 1152 270 1172 vimur),
279 1152 355 1168 Dominus
364 1151 390 1167 lux
399 1155 433 1166 mea
440 1153 468 1170 est,
477 1151 492 1166 id
500 1153 524 1166 est
532 1156 579 1167 causa

205 1177 328 1193 illuminationis
338 1181 383 1192 meaa⁴

224 1202 272 1218 Pon-o
283 1201 310 1222 qui
321 1201 337 1217 in
347 1201 404 1217 horum
415 1200 541 1216 consideratione
552 1205 579 1216 ne>

204 1227 288 1248 gligentes,
296 1226 348 1242 obtusi
359 1228 375 1241 ct
384 1225 437 1245 frigidi
448 1227 491 1243 sunt,
499 1224 541 1240 acuti
552 1224 579 1240 'au-

205 1254 237 1267 tem
245 1256 263 1266 ac
271 1250 328 1266 fervidi
338 1250 357 1265 ad
368 1249 500 1266 considerandum
510 1249 578 1269 qualiter

204 1275 298 1296 temporalia
312 1275 370 1290 damna
383 1275 439 1292 vitent.
454 1276 524 1290 terrenas
539 1278 577 1294 opes

204 1300 311 1318 accumulent,
320 1299 375 1315 mundi
385 1299 452 1315 honores
462 1303 480 1314 ac
488 1298 577 1319 voluptates

204 1326 291 1344 obtineant,
304 1324 341 1341 caeci
354 1326 391 1340 sunt
403 1326 462 1342 mente,
475 1325 491 1339 et
504 1323 519 1339 in
535 1325 575 1339 statu

607 782 749 798 vehementissime
760 783 816 802 doluit,
827 783 869 804 quod
880 783 910 799 nisi
921 783 982 799 Nathan

608 807 685 828 propheta
697 807 769 828 protinus
780 807 895 828 subjunxisset,
906 808 983 824 Dominus
1002 812 1051 823 ιιι-πε».

608 832 688 847 transtulit
700 834 783 852 peccatum
795 834 846 850 tuum,
855 837 882 848 cor
893 832 944 853 ipsius
954 833 983 848 Da-

608 856 634 871 vid
646 861 682 872 mox
694 861 726 877 prm
737 856 791 872 dolore
802 858 867 877 ruptum
878 856 939 873 fuisset⁴

628 881 699 901 Insuper,
708 881 747 896 dum
755 881 824 896 acediosi
832 881 851 896 ad
859 885 907 902 opera
915 881 960 899 bona,
967 883 983 897 et

608 905 666 920 mentis
681 905 740 921 allecta
754 905 774 921 ad
790 905 883 926 temporalia
897 905 982 924 incurvati.

607 930 667 945 alacres
678 929 721 945 siunt
730 929 750 945 ad
761 929 789 945 Dei
799 929 894 950 obsequium
904 932 921 945 et
929 930 948 946 ad
959 930 983 946 di-

607 954 644 970 vina
654 954 747 974 affectuosi,
755 956 793 969 tunc
803 954 856 970 claudi
863 954 947 970 ambulant
955 960 958 971 z
967 957 984 970 et

607 979 635 999 qui
647 979 695 994 sentit
708 983 725 994 se
738 978 791 994 taliter
805 979 913 998 immutatum,
928 979 984 1000 proba-

608 1003 661 1019 biliter
672 1003 713 1019 scire
726 1005 778 1024 potest
788 1003 830 1024 quod
840 1004 891 1024 gratia
901 1006 917 1019 et
926 1004 983 1020 caritas

608 1028 636 1043 Dei
643 1028 674 1043 sibi
683 1028 740 1044 inlusaa
748 1030 789 1043 sunt⁴
795 1028 931 1046 Quemadmodum
939 1029 983 1044 enim

181 1060 199 1070 m.
206 1053 278 1069 timebat
285 1055 301 1069 et
309 1058 345 1068 cum
356 1053 420 1068 Michaea
431 1052 508 1073 propheta
516 1057 519 1068 z
528 1052 579 1071 Quum
588 1052 600 1068 D
607 1057 626 1068 ex
635 1052 734 1068 naturalibus
741 1052 803 1068 actibus
811 1054 827 1068 et
834 1052 904 1069 motibus
912 1053 983 1074 corporis

607 1077 657 1093 scitur
668 1077 722 1092 anima
732 1082 767 1093 esse
779 1077 795 1092 in
807 1081 878 1098 corpore,
889 1077 911 1093 ita
921 1082 940 1093 ex
951 1078 982 1093 ala-

607 1102 663 1117 critate
673 1103 688 1117 et
699 1101 825 1122 promptitudine
836 1102 893 1117 animm
904 1102 923 1118 ad
934 1107 983 1123 opera

607 1126 659 1142 cultus
669 1126 720 1142 divini
732 1126 820 1147 percipitur
830 1126 934 1147 probabiliter
943 1127 982 1142 satis

607 1151 663 1166 caritas
676 1151 703 1166 Dei
715 1155 750 1166 esse
763 1151 778 1166 iu
791 1151 848 1166 anima⁴
862 1151 927 1172 Propter
938 1152 981 1172 quod

606 1175 628 1191 ait
641 1175 723 1191 Psalmista
735 1175 754 1191 ad
767 1175 818 1191 Deum
830 1180 833 1191 z
844 1175 888 1191 Viam
902 1176 982 1192 mandato-
995 1181 1015 1192 Ρ.
1023 1185 1058 1194 mm,

606 1204 642 1215 rum
654 1202 718 1215 tuorum
731 1200 801 1218 cucurri,
813 1205 864 1220 quum
876 1200 952 1219 dilatasti,
965 1200 981 1216 id
989 1198 1008 1208 ³²*

606 1226 630 1240 est
638 1229 666 1245 per
674 1224 755 1240 caritatem
765 1224 851 1240 accendisti
860 1226 875 1240 et
883 1224 980 1243 exhilarasti,

606 1253 633 1264 cor
648 1253 706 1264 meum.
721 1249 747 1264 Sic
762 1249 803 1264 Deua
819 1249 886 1265 mutavit
901 1249 981 1265 sanctissi-

606 1278 649 1289 mum
666 1273 710 1289 illum
723 1273 835 1289 anachoretam
850 1273 923 1289 abbatem
936 1274 981 1289 Muti-

605 1303 638 1313 nm.
653 1298 681 1316 Qui
698 1303 748 1318 quum
764 1298 816 1318 primo
833 1298 889 1314 suisset
905 1298 981 1319 princeps

604 1323 686 1341 latronum.
692 1322 750 1338 divinae
758 1322 821 1343 pietatis
829 1323 933 1343 inspiratione
940 1328 981 1339 eom-
