1079 1569
168 463 194 475 Lae.
200 467 211 477 x.
217 465 233 475 ta.

242 115 272 131 ³³6

388 120 461 132 mmmm
473 120 577 132 ammissum.
588 125 608 128 —
618 120 639 132 ,m
649 120 748 137 nzumosou
759 121 808 133 SEREU
819 121 876 133 smus

241 162 287 178 silius
295 162 376 178 Fratribus
387 163 421 178 suis
429 167 433 178 t
441 163 490 179 Vobis
499 163 574 179 convenit
582 163 637 179 nul-A
669 163 691 179 Ex
706 164 766 184 quibus
781 164 856 180 omnibus
872 164 959 180 innotescit
970 169 1005 185 quam

241 187 274 203 lum
284 189 347 208 tempus
356 192 426 203 vacuum
435 188 521 208 praeterire,
530 188 616 209 quominus

240 212 260 227 de
268 212 402 228 eminentioribus
409 214 426 228 et
433 212 556 233 perfectioribus
564 212 616 233 inqui-

241 236 284 255 ratis,
293 239 310 252 ut
320 241 367 252 omne
377 239 440 257 tempus
451 237 486 253 vitoe
496 239 553 253 vestrae
564 237 580 253 in
593 237 616 253 in⁴

241 261 320 282 quirendo
331 261 351 277 de
364 261 457 277 melioribus
469 263 486 277 et
498 262 617 282 percunctando

241 286 261 302 de
271 285 363 302 utilioribus
374 286 469 306 transigatis.
479 286 615 305 Quemadmodum

241 315 278 331 ergo
291 310 337 326 nobis
351 310 437 326 necessitas
453 311 527 327 imminet
538 311 617 331 evangeli-

241 335 292 354 undi,
306 335 327 351 ita
340 335 391 354 vobis,
404 335 417 351 si
432 335 452 351 ab
464 335 588 356 interrogatione
601 338 617 351 et

241 360 345 381 inquisitione
353 360 424 379 cessetis,
432 360 458 376 vel
467 360 481 376 si
489 360 589 376 remissiores
597 361 616 376 ad

241 389 260 401 ea
267 385 348 405 implenda
355 390 391 405 quse
399 387 442 401 recta
449 387 487 401 sunt
494 385 579 404 exsistatis,
586 390 617 401 ma·

241 414 291 430 gnum
301 409 388 425 discrimen
400 409 486 430 impendet.

261 434 333 455 Insuper.
345 439 395 455 quum
408 434 442 450 suis
454 434 518 450 vicariis
530 435 573 450 dicat
584 434 617 450 Sal>

644 187 729 208 diligenter
739 188 826 204 debeamus
838 188 906 204 verbum
918 188 947 204 Dei
959 189 1005 207 andire,

644 213 709 229 lectioni
721 218 770 229 sacrm
782 213 861 232 insistere,
874 213 961 229 fructuosae
970 213 1006 230 inter-

644 238 721 258 rogationi
730 242 795 258 operam
805 238 847 254 dare.
856 238 987 257 Ouemedmodum
994 239 1006 254 ia

644 262 703 278 scholis
714 263 742 283 qui
754 263 835 278 ardentius
846 262 917 281 student,
928 262 964 283 plus
972 263 1006 278 dubi-

644 288 678 302 tant
685 289 701 302 et
708 287 770 303 acutius
780 289 828 308 atque
836 287 937 308 frequentius
946 292 979 303 suos
985 288 1006 303 sci-

644 311 722 327 scitantur
736 312 828 332 magistros3
842 312 863 328 its
877 312 893 328 in
906 312 977 328 eoenohio
986 312 1006 333 qui

644 341 681 352 vere
691 336 796 356 spiritualiter
807 337 888 357 praeliatur
898 341 916 352 ac
926 337 976 352 studet
983 337 1006 352 vir·

644 360 711 379 tutibus,
725 361 780 377 multis
792 361 930 382 ambiguitatibus,
942 361 980 377 eun's
990 361 1006 377 in-

644 385 791 407 quisitionibusque
799 386 891 405 involvitur,
900 390 979 407 quousque
985 386 1006 402 Dei

643 410 694 431 gratia
701 412 718 426 et
725 410 771 431 longa
780 411 878 431 experientia
887 411 916 426 fiat
924 411 989 429 edoctus,
995 413 1006 427 et

644 435 683 451 alios
695 435 781 451 informare
793 436 864 451 idoneus.
875 436 934 454 Quaerit
945 436 1005 456 equidem

241 460 291 478 vator,
299 459 328 477 Oui
337 464 365 475 vos
374 459 424 478 nudit,
432 464 458 475 me
468 459 518 478 audit,
526 461 542 475 et
550 459 578 480 qui
587 464 615 475 vos
625 460 637 476 B
644 460 712 480 qualiter
720 460 747 476 tali
757 462 785 476 aut
792 460 819 476 tali
829 460 912 476 tentationi
922 460 972 481 aptius
980 465 1006 481 pos-

241 484 307 504 spernit,
319 488 344 499 me
355 484 424 504 spernit3
435 484 481 500 valde
492 484 582 505 pavendum
592 486 616 500 est

241 508 266 524 bis
275 508 303 529 qui
311 508 379 524 verbum
388 508 415 524 Dei
423 513 433 524 a
439 508 512 524 Patribus
522 509 555 524 suis
565 509 616 529 gravi-

241 535 266 549 ter
273 533 355 554 invitoque
364 533 437 552 audiunt,
446 538 465 549 ne
473 533 554 549 Christum
562 534 578 549 iu
587 538 616 550 suo

241 558 301 574 vicario
313 560 395 579 spernant,
408 558 490 574 fastidiant
501 563 519 574 ac
532 558 614 579 repellant.

240 583 273 599 Nec
285 583 321 599 ideo
331 583 398 599 verbum
410 583 438 598 Dei
451 582 500 599 invite
512 583 549 604 quis
561 583 616 599 audire

241 607 293 626 debet,
302 608 340 628 quia
349 608 380 623 scit
389 607 434 626 illud,
442 610 469 623 aut
477 607 514 628 quia
524 607 616 628 frequenter

241 632 280 648 illud
290 632 356 648 audivit.
365 632 454 653 Propterea,
463 634 481 648 ut
491 632 547 648 recitat
556 632 616 648 Cassia-

241 662 276 675 nus,
287 657 336 673 abbas
347 657 420 673 Nesteros
433 657 473 673 dixit
484 661 487 673 :
499 657 518 673 Ut
528 657 616 678 spiritualis

240 682 307 697 seientia
315 682 332 697 in
340 684 355 697 te
362 683 440 702 perpetua
449 681 528 697 soliditate
536 682 615 701 firmetur,

240 708 256 722 et
267 706 341 722 sensibus
353 706 385 722 tuis
398 706 418 722 sit
431 706 530 725 inviscerata,
541 706 571 722 hoc
583 711 616 723 om-

241 731 280 747 nino
292 731 360 750 custodi,
371 733 389 746 ut
398 731 412 747 si
423 736 442 747 ea
453 736 489 752 quoe
501 731 562 752 optime
574 731 615 747 nosti

644 484 665 500 sit
672 484 751 503 resistere,
756 485 836 505 quomodo
843 485 873 501 boc
881 485 907 500 vel
915 485 955 501 illud
962 485 1006 500 debeu

644 509 739 530 intelligere,
749 509 818 530 qualiter
829 509 959 530 compendiosius
969 511 1006 530 queat

644 534 728 554 proficere,
739 534 818 555 quomodo
831 534 847 550 in
860 534 891 550 boo
903 534 929 550 vel
941 534 967 550 illo
977 539 1005 550 casu

643 558 700 574 debeat
707 563 725 574 se
733 559 801 579 babere;
810 559 855 575 timet
864 564 884 575 ne
893 559 934 575 forte
944 559 972 574 sub
980 563 1006 579 spe-

644 583 668 599 cie
676 583 713 599 boni
722 583 791 602 fallatur,
800 585 816 599 et
823 588 860 600 suos
868 583 899 599 sibi
907 583 939 599 diei
947 583 1005 599 defectus

644 610 722 628 precaturi
735 608 794 627 Quoerit
805 608 873 624 verbum
885 613 918 629 quo
930 608 1006 624 mdificetur

643 634 659 648 et
670 633 771 651 accendatur,
782 635 798 649 et
808 633 934 654 sapientioribus
943 638 960 649 ac
970 633 1005 648 dero

643 657 711 673 tioribus
722 662 739 673 se
749 657 837 678 conjungit,
846 658 934 678 praesertim
945 658 968 673 bis
976 662 1005 678 quo-

643 687 679 697 rum
690 682 774 698 collatione
784 682 832 698 sentit
841 687 858 698 se
869 683 919 703 magis
930 682 1005 703 prof-cem

643 711 683 722 vana
695 706 756 722 fastidit
768 707 852 728 colloquia,
865 709 881 723 et
893 707 913 723 de
925 706 1043 723 melioribusamu

643 736 661 747 ao
669 731 774 747 vicinioribus
782 731 829 747 saluti
837 731 910 752 inquirit,
919 732 987 752 loquitur,
994 733 1005 747 et

240 756 310 771 audieris
322 756 338 771 in
351 755 435 772 collatione
448 756 522 776 proferri,
535 760 567 772 non
580 761 616 777 pro-
624 755 635 771 C
643 760 699 771 verum
709 756 765 772 audire
773 756 856 772 desiderat.
866 756 886 771 Et.
893 756 953 772 utinam
960 761 1005 772 omnes

240 782 276 801 pter
283 780 313 796 boc
321 780 359 801 quia
369 782 406 796 nota
415 782 453 796 sunt
460 780 495 799 tibi,
504 785 522 796 ea
531 785 616 801 aspernan—

241 807 265 821 ter
275 807 291 821 et
302 805 383 821 fastidiose
395 805 479 826 suscipias,
490 805 517 821 sed
529 807 572 821 tanta
583 806 615 821 avi-

240 830 289 845 ditate
304 830 347 846 cordi
360 832 388 845 tuo
402 835 421 845 ea
435 830 544 848 oommendes,
557 832 615 851 quanta

240 854 315 870 aviditate
325 854 384 870 debent
394 854 506 870 desiderabilia
516 854 565 870 verba
575 855 616 870 salu-

240 879 260 894 tis
272 879 338 895 auribus
353 879 412 895 nostris
424 879 533 895 indesinenter
545 879 614 898 infundi,

239 904 265 919 vel
273 904 292 919 de
299 906 354 920 nostro
360 903 420 924 jugiter
427 908 454 919 ore
462 904 615 924 proferri.0uamvis

239 928 283 944 enirn
293 928 388 944 adhibeatur
396 930 486 944 sanctarum
496 928 549 944 rerum
559 928 615 944 erebra

239 953 314 971 narratio,
321 957 404 973 nunquam
412 955 465 968 tamen
473 953 530 969 animae
538 953 581 968 sitim
589 958 615 969 ve-

239 983 260 994 rae
274 977 344 994 scientias
357 977 442 993 sustinenti
456 977 520 993 satietas
532 977 615 998 generabit

239 1002 331 1022 borrorem;
341 1003 369 1018 sed
379 1007 398 1018 ea
407 1003 479 1023 quotidie
489 1002 533 1018 velut
544 1007 585 1018 nova
596 1007 614 1018 ac

238 1027 327 1043 desiderata
337 1027 433 1048 suscipiens,
441 1029 501 1048 quanto
511 1032 530 1043 ea
539 1027 614 1048 frequen-

643 780 682 796 talcs
695 785 775 800 essemus;
788 781 849 796 utinam
861 785 918 797 omnes
930 781 952 797 sic
963 785 1005 801 agere-

643 810 685 824 ruus,
693 807 709 821 ot
718 805 734 821 in
744 805 828 826 colloquiis
838 805 857 821 de
868 805 928 821 talibus
937 806 1006 821 dumtaxat

643 830 776 850 colloqueremur⁴

662 854 749 873 Postremo,
764 854 806 870 siout
820 854 945 875 gloriosissimus
959 854 1005 870 Paulus

642 879 723 899 apostolus
735 879 751 894 in
762 879 830 894 diversis
841 879 914 900 epistolis
925 879 978 900 sepius
986 883 1005 894 ea-

642 903 679 919 dem
689 903 746 919 scribit
755 905 771 919 et
780 903 843 924 repetit,
852 905 908 924 utpote
918 904 954 924 quia
962 908 1005 919 neces·

642 928 701 944 sariora
716 928 836 949 salubriumque
850 930 923 948 exstant;
935 928 956 944 sic
970 928 1005 944 l’at‘r

642 952 752 973 religiosorum
767 957 786 968 ea
800 953 902 973 potissimum
917 953 934 969 in
947 952 1005 974 capitulo

642 977 746 993 sermocinari
755 982 774 993 ac
784 982 826 998 saepe
837 978 913 994 reiterare
922 977 970 996 debet,
977 982 1005 998 qua

642 1002 661 1018 ad
676 1002 748 1018 Fratrum
763 1002 893 1018 informationem
908 1003 924 1018 in
939 1002 1004 1019 moribus,

642 1026 771 1043 reformationem
786 1032 795 1043 a
808 1027 857 1046 vitiis,
873 1027 1004 1043 inflammationem

238 1052 270 1068 tius
281 1052 357 1070 hauserit,
366 1054 410 1067 tanto
420 1052 483 1068 avidius
493 1052 549 1068 eadem
560 1052 614 1068 audiet
621 1052 634 1068 D
642 1052 658 1067 in
668 1052 730 1068 actibus
742 1052 788 1068 bonis
800 1052 836 1072 plus
846 1052 927 1073 pertinent
935 1057 939 1067 1
947 1054 962 1067 ut
970 1051 1005 1067 seili-

238 1076 263 1092 vel
275 1076 354 1097 loquetur,
362 1078 378 1092 et
386 1076 524 1092 confirmationem
535 1079 614 1097 perceptae

217 1121 219 1123 Ι
238 1101 309 1117 scientim
320 1101 370 1122 magis
380 1106 428 1122 quam
440 1101 491 1117 ullum
502 1101 584 1117 fastidium
595 1106 614 1117 ex

238 1126 332 1146 repetitione
343 1125 420 1147 acquiret,
429 1126 498 1141 Evidens
509 1131 578 1147 namque
588 1131 614 1142 su-

238 1151 291 1172 perbae
303 1156 321 1166 ac
333 1151 391 1172 tepidae
406 1151 465 1166 mentis
479 1153 503 1166 est
518 1151 587 1171 signum,
600 1151 613 1167 si

238 1175 331 1191 salutarium
340 1176 436 1192 medicinam
444 1175 614 1197 verborum‚quamvis

238 1200 330 1221 frequenter
341 1200 425 1221 ingestam,
434 1200 533 1221 negligenter
544 1200 614 1216 fastidio-

238 1230 287 1246 seque
296 1227 353 1241 sumat.
361 1225 398 1241 Erec
407 1225 481 1241 Nosteros
490 1225 545 1241 abbas.

642 1078 667 1092 oet
676 1076 692 1092 in
702 1076 808 1092 observantiis
816 1077 879 1093 Ordinis
889 1077 921 1093 sint
930 1077 985 1095 intenti,
992 1076 1005 1091 in

642 1101 688 1117 bonis
699 1101 791 1120 concordes,
801 1101 817 1117 in
828 1102 872 1117 omni
883 1101 975 1119 humilitate,
984 1105 1005 1121 pa·

642 1126 702 1144 tientia,
710 1126 838 1145 mansuetudine,
844 1126 907 1142 fervore
915 1129 931 1142 et
936 1126 1005 1142 alacritate

642 1151 713 1171 quotidie
723 1151 837 1171 proficientes;
847 1151 903 1172 sicque
915 1152 961 1167 instar
972 1150 1004 1171 upti-

642 1180 672 1191 mae
679 1178 695 1191 et
702 1175 788 1192 uberrimae
795 1178 845 1195 terrae,
850 1176 877 1192 Dei
886 1176 950 1192 verbum
958 1176 972 1191 in
979 1175 1004 1191 suu

642 1200 717 1216 cordibus
727 1200 838 1221 suscipientes,
847 1201 917 1217 fructum
928 1201 943 1217 ia
953 1200 1003 1221 patien-

641 1225 663 1241 tia
674 1225 744 1241 referant
754 1226 889 1246 copiosissimum.
