1079 1569
158 325 179 336 1²⁴.
183 328 225 337 mnu.

159 341 176 352 n.

161 569 182 580 ιιι.
186 572 225 582 auu.

159 585 175 596 ιι.

163 600 183 611 h
186 603 210 613 m.
214 601 224 611 a.

160 693 181 705 1¹1.
186 697 224 707 mvn.

159 815 163 826 1
168 814 194 826 σοι.
198 818 209 828 ιι,
213 815 224 826 ο,

231 124 262 142 262

364 130 438 142 mmmm
448 130 464 142 Vl
474 130 511 142 Post·
521 130 624 142 πΔτινπΛτΠ
634 129 698 142 Ειϊιηετι.
709 134 729 137 -
739 129 789 141 suano
800 129 877 141 sumnus

231 177 261 191 nm,
270 172 407 189 incommutabilis
414 173 485 189 ver-itatis
492 178 511 189 ae
519 173 606 194 sapientire,
615 173 628 189 Α
636 178 659 188 nffl
667 173 704 188 vitae
711 175 808 194 comparata,
814 177 857 188 mors
865 175 889 189 est
897 172 950 193 potius
956 173 1000 189 dicen-

232 199 250 213 ut
257 197 318 213 etiamsi
326 202 357 214 non
366 198 421 214 liceret
428 203 446 214 ea
453 198 513 214 diutius
520 198 552 214 frui
560 203 607 219 quam

232 222 280 238 unius
293 222 331 238 liora
343 222 381 241 diei,
394 225 459 243 propter
471 223 501 238 hoc
514 223 572 241 solum,
585 223 608 238 in-

232 246 340 262 numerabiles
347 247 385 263 anni
393 247 441 267 hujus
449 247 486 263 vitae
493 247 556 263 deliciis
564 247 608 267 pleni

232 273 249 286 et
260 271 333 287 omniurn
345 271 458 292 temporalium
472 276 525 287 rerum
539 271 608 287 affluen-

232 295 255 311 tia
262 295 329 316 copiosi,
337 298 380 312 recte
387 301 406 312 ae
415 296 472 312 merito
481 296 606 316 despicerentur⁴

232 319 272 336 Hinc
285 320 332 336 etiam
345 320 386 336 dixit
397 320 475 341 Propheta
485 325 489 336 2
500 320 539 339 Ouia
552 320 608 336 melior

232 347 256 360 est
266 345 300 360 dies
309 349 341 360 una
352 345 368 360 in
379 345 424 360 atriis
434 345 466 360 tuis
477 350 526 365 super
536 345 592 360 millia.

252 369 331 387 Secundo,
344 369 453 385 consideratur
468 369 561 390 magnitudo
573 369 609 385 boa-

232 394 306 410 titudinis
315 394 402 410 electorum
411 399 431 410 ex
438 396 483 415 parte
492 394 608 415 proprietatum

233 418 288 439 ipsius.
297 418 326 434 Illa
333 418 393 434 etenim
401 418 482 434 beatitudo
490 418 534 434 omni
542 418 607 434 amabili

232 443 329 463 proprietate
338 445 409 462 ornatur,
418 443 456 464 quia
465 448 502 459 cum
512 448 575 459 summa
585 448 608 459 se-

635 197 655 213 da
661 202 709 218 quarn
716 197 753 213 vitai
758 198 795 216 Qum
801 198 844 213 enim
853 197 907 218 lingua
914 197 1000 218 exprimere.

635 222 660 238 vel
669 222 706 243 quis
715 222 807 238 intellectus
818 227 875 243 capere
885 224 938 243 potest
948 222 972 238 illa
980 227 1001 238 su—

635 251 689 267 perum
697 246 766 262 civitatis
774 248 833 267 quanta
840 247 872 262 sint
878 247 1000 268 gaudiazangelo

635 276 671 286 rum
679 271 732 287 choris
743 271 825 289 interesse,
833 276 870 287 curn
878 271 973 287 beatissimis
978 272 1002 292 spi-

636 295 693 311 ritibus
700 295 755 316 glorias
763 296 852 312 Conditoris
860 296 940 313 adsistere.
945 301 1001 317 prason

636 322 668 335 tem
675 320 702 336 Dei
709 320 771 336 vultum
779 325 849 339 cernere,
854 320 1001 341 incircumscriptum

636 344 690 360 lumen
704 345 763 363 videre,
776 345 821 360 nulio
835 345 889 361 mortis
903 347 947 361 metu
958 345 1000 361 affici.

636 369 760 389 incorruptionis
771 371 852 390 perpetum
862 374 929 385 munere
938 369 1001 390 gloriari!

655 393 719 412 Quarto,
727 394 837 409 consideratur
848 394 891 409 idem
902 399 922 409 ex
933 396 975 415 parte
983 399 1001 410 se-

636 418 748 434 cundariorum
757 418 857 438 objectorum
868 418 970 434 beatitudinis
977 419 1002 434 ele-

635 444 702 458 ctorum.
713 442 788 461 Quamvis
800 443 843 458 enim
857 443 927 464 primum
940 445 956 459 et
966 448 1001 458 suin-

232 467 305 486 euritate,
314 472 350 483 cum
362 467 457 488 infatigabili
468 468 561 486 aeternitate,
570 472 607 483 cum
617 467 628 483 B
636 472 680 483 mum
692 467 773 483 felicitatis
783 472 839 483 eorum
849 467 931 488 objectum
940 468 960 483 sit
968 468 1002 483 Dens

232 492 282 507 totius
290 492 328 507 mali
336 492 412 510 carentia,
420 497 457 508 oum
466 492 515 508 totius
522 492 560 508 boni
568 497 607 512 prae-

232 516 284 532 sentia
296 518 325 532 est.
337 516 403 537 Propter
414 517 456 537 quod
469 517 491 532 ait
502 517 592 532 Bernardus
603 521 606 532 τ

232 540 244 557 0
252 546 322 561 superna
328 541 422 559 Jerusalem,
430 541 486 556 civitas
496 541 538 561 regis
548 541 607 557 summi

231 565 259 586 qui
269 570 289 581 ex
300 565 347 586 adipe
358 565 434 581 frumenti
446 566 492 581 satiat
503 568 524 584 te,
532 568 548 581 et
559 570 607 586 quum

231 590 305 606 fluminis
312 590 381 611 impetus
389 590 498 609 iaetiricatmee
506 590 607 611 pondus,nec

232 619 312 633 mensura,
323 615 350 630 sed
362 615 427 630 satietas
438 617 463 630 est
473 615 515 635 apud
527 617 548 633 te,
559 617 575 630 et
585 615 608 630 af>

231 639 299 655 fluentia
307 644 375 658 summa,
382 639 422 655 mira
429 639 512 658 serenitas,
518 639 565 660 plena
573 644 607 655 sua-

231 663 277 682 vitas,
286 666 345 680 ,eterna
352 664 438 683 securitas3
446 664 479 684 jam
487 668 519 679 non
527 666 551 679 est
559 664 607 679 timor

231 688 248 704 in
256 688 318 704 finibus
325 688 363 707 tuis,
371 688 447 709 quoniam
455 688 509 709 posuit
516 688 557 704 Deus
565 688 606 704 fines

231 715 267 729 tuos
275 718 336 734 pacem>
343 713 355 729 Ο
362 718 411 734 quam
419 713 563 733 inexcogitabiliter
570 717 607 733 gau-

231 738 269 753 dent
281 737 330 756 Beati,
341 737 456 753 considerando
470 742 487 753 se
500 737 517 753 in
528 739 572 753 tanta
585 737 607 753 ie-

635 491 728 510 altissimus,
737 497 778 507 unus
788 494 804 507 et
814 492 871 511 trinus,
880 492 927 512 cujus
937 492 1002 508 ize-imm

635 516 676 532 visio
686 518 710 532 est
718 516 803 532 essentiale
814 517 899 537 praemium
907 519 923 532 et
932 517 1003 537 priucipa-

635 541 655 556 lis
667 541 748 557 beatitudo
760 541 834 557 omnium
846 541 945 561 eleetorum;
956 546 1003 557 secun-

635 566 698 581 darium
707 568 761 581 tamen
770 565 852 586 objectum
864 566 946 582 felicitatis
955 570 1002 581 eornm

635 592 659 606 est
671 590 729 606 Christi
742 590 838 609 humanitas,
849 591 907 607 deinde
919 590 1003 606 beatissima

635 615 682 635 Virgo
690 614 788 633 Christiiera,
795 620 814 631 ae
821 617 854 631 tota
861 615 928 631 societas
936 615 1003 636 gloriosa,

636 639 710 655 videlicet
726 639 821 655 universitas
837 640 927 656 coelestium
944 640 1003 657 civium,

635 663 727 684 angelorum
736 668 754 679 ac
762 664 852 680 hominum.
861 664 873 680 Ο
880 669 929 685 quam
938 664 1003 685 pulehn.

635 693 696 707 serena,
707 688 775 709 gloriosa
787 693 806 704 ao
816 689 868 705 dulcis
879 691 904 704 est
913 689 970 705 Christi
981 689 1004 704 liu-

635 713 715 728 manitasi
726 713 775 731 Quam
789 713 884 729 mirabiliter
896 718 915 729 ac
927 714 1003 734 pracordi-

634 737 680 753 aliter
692 737 780 758 gloriantur
791 738 807 753 in
818 738 854 758 ejus
865 738 943 759 adspectu
955 743 1004 754 omnes

231 762 291 778 licitate
303 764 319 778 et
330 762 381 782 gloria
395 762 491 778 internaliter
505 762 606 778 securissime
616 762 627 778 C
635 762 693 780 Sancti,
702 762 790 782 presertim
798 762 871 778 homines
879 762 1004 783 beneficiati,qui

232 791 344 808 permansuros
353 788 357 802 i
370 787 431 802 Idcirco
442 788 460 802 ut
471 787 494 802 ait
505 787 590 807 Apostolus
602 791 606 802 :

231 811 290 828 Oculus
303 816 334 827 non
345 811 391 830 vidit,
402 816 432 827 nec
443 811 487 827 auris
499 811 566 830 audivit,
577 816 607 827 nec

231 836 248 852 in
256 841 284 852 cor
291 836 361 852 hominis
367 836 474 852 ascenderunt
481 841 516 856 quaa
524 836 566 852 Deus
573 836 606 852 suis

231 861 327 882 properavit
337 861 397 876 electis.

251 886 310 904 Tertio,
319 885 428 901 consideratur
438 885 531 906 magnitudo
539 885 607 901 felicita-

232 910 252 926 tis
264 910 358 926 Sanctorum
370 914 390 925 ex
402 911 446 930 parte
459 910 566 930 potentiarum
578 914 608 930 per

232 940 272 956 ques
285 935 317 951 Deo
329 934 398 950 feliciter
412 934 491 949 uniuntur
503 938 507 949 z
520 939 556 955 qum
570 936 607 950 sunt

233 959 324 975 intellectus
335 961 383 979 atque
394 958 473 976 voluutas,
482 960 551 979 suntque
562 958 607 974 nobi-

233 984 280 1000 liores
290 984 347 999 animae
354 983 401 999 vires.
410 983 510 999 Nohiliorum
518 985 572 999 autem
580 988 607 1003 po-

232 1009 325 1027 tentiarum,
336 1008 423 1024 nobiliores
433 1012 451 1023 ac
464 1007 558 1023 intensior-es
570 1010 608 1023 sunt

233 1033 351 1049 delectationes.
362 1032 378 1048 Si
391 1037 428 1053 ergo
441 1032 457 1047 in
470 1032 529 1048 unione
542 1032 608 1048 exterio-

634 787 669 807 ejus
681 787 754 807 passione
763 787 820 803 salvati
831 789 873 806 sunt,
882 787 909 808 qui
918 787 967 803 otiam
975 790 1003 808 post

635 811 678 826 diem
685 811 742 831 judicii
751 816 786 827 earn
796 811 906 832 corporalibus
914 812 966 828 oculis
973 816 1004 827 cuin

635 835 777 851 vehementissimo
788 836 838 851 visuri
854 838 892 852 sunt
903 836 974 856 gaudio!
985 836 1004 852 in-

635 865 688 881 super,
700 865 748 880 quam
761 860 808 876 dulce
820 862 844 876 est
855 860 965 877 beatissimam
976 861 1004 876 Vir

634 885 688 905 ginem
699 885 816 901 incessabiliter
824 885 888 904 intueri,
897 887 913 901 et
920 890 976 901 omnes
983 890 1005 901 an·

634 909 693 930 gelicos
704 909 770 930 spiritus
781 911 813 925 tarn
826 910 954 926 innumerabiles
963 913 1004 931 atque

635 933 757 954 pulcherrimos,
773 938 829 950 omnes
843 934 891 950 etiam
906 934 1004 953 Patriarehas

635 958 726 979 Prophetas,
737 958 825 979 Apostolos,
837 961 921 980 martyres,
932 959 1005 975 confesso-

636 983 764 1003 res,virgines‚et
772 983 890 1004 electos,quum
898 984 956 1005 utique
964 984 1005 999 unius

635 1008 699 1023 minimi
706 1012 725 1023 ac
733 1007 785 1023 infimi
793 1008 866 1024 omnium
874 1008 933 1024 borum
941 1008 1005 1024 intuitio,

635 1032 710 1048 universa
721 1032 776 1048 mundi
787 1032 836 1052 liujus
847 1033 905 1053 gaudia
916 1037 1005 1054 superexcr-

233 1062 269 1074 rurn
279 1062 355 1073 sensuum
366 1062 403 1073 curn
414 1057 447 1072 suis
455 1056 523 1077 objectis
532 1058 575 1072 tanta
582 1057 608 1072 de·
615 1057 628 1072 D
635 1057 667 1075 dat,
675 1059 691 1072 et
702 1059 754 1073 tamen
765 1057 839 1073 omnium
850 1057 907 1073 horum
919 1058 1005 1078 adspectus.

232 1083 297 1099 lectatio
310 1082 341 1098 sita
355 1084 384 1100 est,
398 1082 486 1103 praesertim
502 1081 518 1097 in
532 1083 580 1102 gustu
592 1084 608 1098 et

233 1110 282 1126 taetu,
290 1112 339 1128 quam
351 1106 497 1127 incomparabiliter
510 1106 561 1126 major
571 1111 608 1122 cun-

233 1132 275 1148 sistit
285 1132 370 1148 delectatio
380 1131 396 1147 in
406 1131 488 1147 intellectu
496 1133 512 1146 et
519 1130 606 1149 voluntate,

233 1157 314 1178 proecipue
325 1156 364 1172 dum
376 1158 438 1172 oeternae
450 1155 513 1171 veritati
527 1155 607 1171 increatas-

233 1186 264 1203 que
275 1181 342 1197 bonitati
354 1180 445 1196 immediate
456 1185 475 1196 ae
486 1180 561 1196 beatifice
572 1180 607 1196 uni-

232 1206 334 1222 unturfflinc
340 1205 362 1221 ait
367 1205 450 1226 Gregorius
455 1210 459 1221 ι
464 1205 480 1221 Si
488 1204 607 1220 consideremus

233 1236 268 1252 qum
276 1233 292 1246 et
300 1232 359 1251 quanta
368 1232 405 1246 sunt
412 1234 448 1250 quae
456 1229 503 1245 nobis
512 1229 607 1250 promittun-

232 1258 259 1272 tur
269 1256 285 1271 in
295 1255 346 1273 coelis,
355 1255 434 1271 vilescunt
443 1255 496 1270 animo
506 1254 561 1270 onmia
571 1259 607 1275 qum

232 1280 312 1296 habentur
323 1280 340 1296 in
350 1279 401 1295 terris.
411 1279 478 1295 Ter-rena
490 1283 559 1299 namque
570 1279 607 1294 suh-

232 1305 290 1321 stantia
297 1306 360 1321 aeternm
367 1304 439 1320 felicitati
447 1303 606 1324 comparata,pondus

232 1331 262 1349 est,
270 1334 302 1345 non
311 1329 411 1349 subsidium
419 1328 511 1349 temporalis
518 1328 552 1343 vita
561 1329 606 1344 aeter-

635 1082 702 1097 societas
716 1083 764 1102 atque
776 1082 869 1098 communio
879 1082 899 1098 ad
912 1082 1005 1098 accidentale

635 1106 704 1127 pertinet
714 1106 798 1126 praemium
809 1106 903 1122 Beatorumi

651 1130 712 1149 Quinto,
717 1130 758 1146 idern
765 1130 874 1146 consideratur
880 1136 899 1146 ex
905 1131 1005 1152 dispositione

635 1159 717 1176 corporum
724 1154 810 1171 electorum
815 1160 819 1171 ι
824 1160 859 1176 qum
866 1157 933 1176 quatuor
940 1156 1006 1177 gloriosis

635 1180 698 1196 dotibus
707 1180 889 1199 ornabuntur,videlicet
897 1180 1006 1201 claritate,agi-

635 1205 684 1223 litabe,
693 1205 780 1220 subtilitate
790 1207 806 1220 et
816 1205 952 1226 impassibilitate.
962 1206 1005 1221 Erunt

634 1229 678 1245 enim
686 1229 719 1245 sole
726 1229 839 1250 splendidiora,
844 1231 860 1245 et
867 1229 971 1246 velocissimo
978 1234 1006 1246 nur

634 1254 682 1274 bilia3
696 1259 725 1270 nec
740 1254 794 1274 aliquo
809 1254 856 1270 modo
870 1254 933 1270 animas
949 1257 1005 1270 sant-las

633 1279 728 1299 gravabunt,
742 1278 770 1294 sed
784 1279 801 1294 in
815 1279 891 1295 omnibus
906 1280 1005 1300 potissimum

633 1304 657 1319 cis
667 1303 747 1319 obedient.
758 1303 823 1324 Propter
833 1304 875 1324 quod
886 1303 902 1319 in
914 1304 958 1320 libro
968 1304 1005 1324 Sapi-

634 1328 681 1344 entiae
692 1328 770 1349 scripturn
782 1330 807 1344 est
818 1333 822 1344 τ
834 1328 924 1349 Fulgobunt
936 1329 982 1350 justi,
993 1330 1005 1344 et
1015 1330 1048 1375 Ξ-,Ἳ
