1079 1569
145 314 166 325 1³1⁴
169 318 193 327 m..
197 315 207 325 a

214 115 244 132 1152
354 120 427 132 uolumen
438 120 449 132 ri
459 120 496 132 rosi·
506 119 609 131 mnrium
619 118 684 131 emsri.
694 123 714 126 —
725 118 774 130 senno
784 118 848 131 mritis

213 162 278 182 thelica,
287 163 313 179 cui
320 163 372 179 omnis
380 165 436 178 natura
443 164 525 178 attestatur
532 164 548 178 et
554 167 588 178 om-
595 162 608 178 Δ
615 162 701 178 voluntatis
709 164 738 181 est,
746 167 797 178 unum
807 167 844 178 cum
854 162 887 178 Deo
896 166 931 178 esse
942 161 990 182 spiri-

213 187 239 203 nis
247 187 324 203 naturalis
331 187 409 208 sapientia
416 187 507 203 famulatur⁴
512 187 551 203 Nam
559 187 588 203 etsi

214 212 340 232 unumquodque
351 216 406 234 eorum
416 217 451 233 qum
461 212 499 227 fidei
509 214 552 230 sunt,
560 216 589 232 per

214 241 231 252 se
243 241 314 252 seorsum
326 238 416 257 acceptum,
426 236 588 257 incomprehensibile

214 261 292 280 videatur,
300 261 354 277 omnia
363 263 416 277 tamen
426 261 475 277 simul
484 263 548 281 sumpta
557 261 588 276 sibi

215 286 323 306 pulcherrime
333 288 424 301 consonant.
436 285 501 306 Propter
512 286 554 306 quod
566 286 589 301 ait

215 310 247 326 Deo
258 310 339 326 Psalmista
350 314 353 325 :
364 310 460 326 Testimonie
472 312 504 328 tua,
516 310 588 328 Domine,

215 334 299 350 credibilia
308 334 349 350 facta
358 336 395 350 sunt
405 334 458 350 nimis.
466 334 544 350 Perfectio
551 338 589 349 vero

215 359 281 374 rationis
289 359 305 374 in
313 358 345 374 viia
355 359 384 374 hac
393 361 423 377 est,
431 363 459 379 per
469 359 527 374 montis
535 363 589 374 exces-

215 388 251 399 sum
263 388 312 404 supra
322 388 339 399 se
350 383 390 404 rapi,
398 385 414 399 et
425 388 456 399 non
468 388 496 404 per
505 383 589 404 enigmata

215 412 327 429 corporearum
340 408 471 426 similitudinum,
483 412 512 424 nec
525 412 553 428 per
565 412 589 423 ar-

188 429 192 433 '
214 435 289 453 gnmenta
297 432 440 451 ratiocinationum,
449 432 476 448 sed
484 437 523 453 pura
531 432 589 448 mentis

214 457 320 477 intelligentia
327 462 356 478 per
363 457 475 473 intellectualis
483 457 548 472 luminis
556 462 589 477 spe-
598 457 610 473 Β
637 457 678 473 Ecce
686 457 702 473 in
710 457 735 473 his
743 457 815 473 consistit
823 457 914 473 reformatio
922 457 994 473 hominis

147 511 156 522 ΙΙ
161 511 187 522 ear.
192 515 208 524 m.

142 527 159 538 it.

148 954 168 966 Ρι
174 958 188 968 ιν,
192 956 202 966 ο.

215 482 255 497 ciem
266 482 371 502 contemplari
381 482 440 500 divina,
447 481 492 502 juxta
501 482 540 497 illud
549 482 589 502 Apo-

215 506 251 522 stoli
263 510 267 522 t
279 506 310 522 Nos
322 508 376 522 autem
389 506 458 522 revelata
470 506 510 522 facie
522 506 589 526 gloriam

215 531 242 547 Dei
253 531 384 551 contemplantes,
393 531 409 546 in
419 531 491 546 eemulem
504 531 589 551 imaginem

215 555 347 571 transformamur
357 560 367 570 a
377 555 448 571 claritate
459 555 475 571 in
486 555 578 571 claritatem.

235 580 302 600 lnsuper
310 579 373 595 initium
384 579 501 595 reformationis
509 579 589 596 memoriis

215 606 244 623 est,
253 606 323 620 mentem
331 609 340 619 ι
349 609 378 620 sua
388 604 490 620 distractione
499 604 518 620 ed
528 604 589 620 divino-

214 633 251 644 rum
262 628 405 644 considerationem
415 633 452 644 cum
462 628 516 644 labore
526 629 590 645 reduce-

214 658 237 672 re,
245 653 310 672 orando,
319 653 385 674 legendo
392 655 419 669 aut
427 653 550 674 superficialiter
557 659 589 669 me-

214 678 284 694 ditando.
292 678 373 694 Profectus
384 680 437 694 autem
447 678 527 694 memoriae
535 680 564 697 est,
573 678 590 694 in

214 702 261 718 bonis
269 702 398 718 meditationibus
405 704 422 718 et
428 702 526 718 orationibds
533 707 552 718 ac
560 703 590 718 lau-

214 727 262 743 dibus
270 727 298 743 Dei
308 727 342 743 sine
353 727 444 747 importuna
454 727 546 747 evagatione
555 732 590 748 pos-

615 189 649 203 tum
655 192 684 208 per
689 187 777 203 ferventem
785 189 882 206 emorem,et
888 191 944 203 omnes
952 186 992 202 am>

615 212 675 227 ctiones
683 212 741 228 habere
749 211 860 232 simplificatus
868 211 884 227 in
892 211 925 227 Deo
932 213 948 227 et
955 211 991 227 sine

615 236 702 253 rebellione
709 237 816 257 subjectasmt
822 236 855 257 jam
863 236 909 257 quasi
916 240 948 252 non
957 240 992 256 pos-

615 261 636 277 sit
643 261 684 277 velle
694 261 725 277 nisi
732 261 783 277 Deum
793 263 809 277 et
818 266 854 282 quai
861 260 962 281 complacent
969 260 990 279 ci,

615 285 670 306 sicque
682 285 740 301 divinaa
753 285 828 301 bonitatis
838 285 926 301 inebrietur
937 284 992 300 dulce-

616 310 658 328 dine,
666 310 687 325 ita
695 312 712 326 ut
719 310 762 326 dicat
769 314 773 326 :
781 310 831 329 Quam
840 314 897 330 magna
905 309 992 325 multitudo
998 312 1054 325 hm

616 335 705 351 dulcedinis
720 337 756 353 tum,
769 334 847 350 Domine!
860 334 904 350 Unde
918 334 992 350 hortatur

616 359 700 380 Apostolus
711 363 715 375 :
725 359 793 375 Stebiles
804 361 854 374 estote
865 360 881 374 et
892 358 991 377 immobiles,
1007 349 1059 373 icam³

616 384 714 399 abundantes
725 384 742 399 in
753 388 801 404 opere
811 383 873 399 Domini
884 387 954 404 semper,
962 383 992 399 sci-
999 378 1015 388 ⁵⁸⁴

616 410 660 424 entes
670 408 712 429 quod
720 408 764 424 lebor
774 410 826 424 vester
836 413 867 424 non
877 410 902 423 est
912 408 965 424 inanis
974 408 992 423 in

617 433 689 449 Domino⁴

618 482 702 498 interioris,
711 482 730 497 Et
737 482 756 497 ad
764 487 799 497 earn
810 482 897 498 ordinanda
906 484 944 497 sunt
951 484 995 497 exteL

617 507 658 523 riora
668 507 743 523 exercitia
753 509 811 523 nostra,
821 507 852 522 Nec
862 507 881 522 ad
891 511 927 522 eam
939 511 995 527 possu-

617 536 653 547 mus
661 531 785 552 pervenire,uisi
793 536 845 547 coram
854 531 886 547 Deo
894 531 910 547 in
917 531 995 547 omnibus

617 556 668 572 simus
676 556 745 572 timorati
752 558 768 572 et
775 556 856 574 custoditi,
863 560 872 571 a
879 556 933 577 pravis
940 561 959 572 ac
967 561 994 572 su-

617 581 684 601 perfluis
692 580 745 596 verbis
752 580 905 599 cavendo,similiter
911 585 921 596 a
929 580 994 598 risibus,

617 603 755 624 dissolutionibus,
762 605 803 625 jocis
814 605 929 623 immoderatis,
939 610 957 621 ac
969 610 995 621 su-

617 630 709 651 perfluitate
716 630 748 645 cibi
756 632 772 645 et
779 629 885 650 potus,somni
893 634 911 645 ac
919 630 994 648 vestitus,

617 659 626 670 a
639 654 702 670 lascivis
718 654 826 675 adspectibus,
839 654 914 673 tactibus,
927 654 993 670 osculis.

617 679 668 695 Motus
678 683 741 699 quoque
751 679 783 697 irae,
791 679 901 699 impatientiae,
909 679 995 699 indignati-

617 703 658 721 onis,
663 703 746 723 superbiae,
751 708 770 719 ae
777 705 837 719 ceteras
845 703 903 719 animm
910 703 994 724 passiones

617 728 698 743 refrenare
706 730 721 743 et
728 732 804 748 superare
811 729 879 748 oportet,
887 724 953 743 adversa
960 732 996 744 om-

214 757 231 768 se
239 752 327 770 intendere,
335 753 382 772 atque
393 752 409 767 in
418 752 500 768 latitudine
511 752 563 767 cordis
573 752 589 768 in
599 752 610 768 C
618 752 644 768 nia
652 754 717 773 propter
728 752 778 768 Deum
790 752 902 773 aequanimiter
913 752 994 768 sustinen-

214 776 272 792 talibus
280 781 316 792 cum
323 776 356 792 Deo
363 778 379 792 et
386 781 439 792 secum
446 776 551 793 deambulare.
555 777 590 792 Per<

214 801 262 817 lectio
273 805 337 822 quoque
348 801 429 817 memorias
439 803 468 820 est,
480 801 501 817 ita
511 802 528 817 in
539 802 589 817 Deum

214 831 243 847 per
253 825 312 841 mentis
322 830 406 841 excessum
418 830 452 841 esse
464 826 563 846 absorptum,
573 828 590 841 ut

214 850 298 871 suiipsius
308 852 324 866 et
334 850 406 866 omnium
417 852 524 866 creaturarum
533 850 590 866 oblivi-

215 877 267 891 scatur
274 875 326 893 homo,
330 877 378 895 atque
386 875 402 890 in
409 874 443 890 solo
450 875 522 890 Creatore
529 875 590 896 absque

215 900 288 915 omnium
300 899 395 915 volubilium
409 899 522 919 cogitationum
534 900 590 920 imagi-

215 924 330 944 nationumque
340 924 407 944 strepitu
416 924 485 939 suaviter
495 924 588 944 requiescat,

215 948 350 969 quemadmodum
360 948 437 969 scriptum
449 950 485 964 est:
496 948 513 964 ln
523 953 562 969 pace
573 949 589 964 in

215 973 231 989 id
241 973 295 994 ipsum
305 973 384 988 dormiam
394 975 410 988 et
418 972 521 993 requiescam,

234 998 311 1013 Praeterea
318 997 382 1013 initium
392 997 509 1013 reformationis
517 997 589 1013 volunta«

214 1022 234 1038 tis
248 1024 278 1040 est,
291 1026 310 1038 ex
323 1022 405 1043 proposito
417 1021 460 1037 vitiis
475 1022 559 1037 dissentire
571 1027 589 1037 ac

617 777 643 795 do,
656 778 672 792 et
684 777 704 793 de
718 776 834 797 temporalibus
848 776 896 792 rebus
911 781 943 793 non
955 777 995 797 plus

618 806 666 822 quam
675 801 783 817 necessarium
791 803 816 817 est
824 803 851 817 eut
858 801 898 817 utile
905 806 934 822 pro
942 801 995 817 salute

617 826 674 842 animae
682 826 776 846 appetendo.
785 826 839 846 ltaque
849 826 868 841 ad
878 825 960 846 praefatam
969 831 994 841 re-

617 850 728 866 formationem
738 850 849 871 unusquisque
859 852 925 866 conetur
933 851 994 871 pertin-

617 878 659 894 gere,
668 874 683 889 in
692 874 778 890 virtutibus
786 874 885 895 proficiendo
892 874 971 895 quotidie,
978 877 995 890 et

618 899 644 914 Dei
652 899 730 914 auxilium
740 899 828 914 invocando
837 899 897 919 jugiter
906 899 993 915 indefesse*

637 923 713 944 Denique,
722 923 764 939 sicut
775 923 791 939 in
801 923 908 944 Vitaspatrum
918 923 993 942 babetur,

617 948 636 963 nd
649 948 689 963 hunc
703 948 761 963 mentis
775 948 904 964 reformationem
919 949 994 969 pervenit

617 972 707 988 sublimiter
715 972 764 988 abbas
773 973 839 993 Moyses,
847 975 911 988 sanctus
921 973 948 989 ille
958 978 995 989 ere-

617 997 660 1013 mita*
669 997 698 1016 Qui
706 1002 755 1018 quum
766 997 811 1018 prius
821 997 877 1013 fuisset
887 997 969 1013 homicida
977 1000 994 1013 et

617 1022 653 1037 vitas
668 1022 771 1042 pravissimm,
784 1022 839 1037 divina
853 1022 955 1038 miseratione
970 1025 994 1038 ta—

213 1047 294 1065 reluctnri,
302 1046 410 1067 operibusque
418 1046 495 1062 virtutum
504 1046 562 1062 instare
570 1046 589 1062 fi·
597 1047 609 1063 Ι)
617 1048 657 1065 ctus,
670 1046 733 1065 tandem
746 1051 755 1062 ι
767 1046 836 1067 quodam
848 1047 914 1062 eremita
926 1051 995 1063 conver-

213 1072 270 1087 deliter
280 1073 344 1092 propter
354 1071 409 1087 Deum.
418 1071 457 1087 Nem
467 1071 543 1092 quoniam
553 1076 588 1092 pro-

213 1099 248 1117 pter
255 1096 355 1112 aversionem
363 1101 372 1111 a
382 1096 419 1114 Deo,
427 1096 531 1116 spiritualiter
540 1101 589 1112 curva

213 1123 260 1141 atque
268 1121 334 1136 distorta
341 1120 399 1136 effect·
408 1122 433 1136 est
441 1120 532 1136 inherendo
540 1120 588 1136 rebus

213 1145 278 1161 caducis
292 1150 310 1161 nc
325 1145 375 1163 vanis,
390 1145 451 1165 indiget
465 1145 555 1164 rectificari,
571 1147 589 1161 ut

213 1175 290 1186 conversa
297 1170 329 1185 Deo
336 1170 426 1188 concordet,
435 1172 451 1185 et
458 1171 511 1185 motus
521 1169 588 1186 rebelles

213 1196 381 1215 eompescat,suosque
389 1196 433 1210 actus
441 1194 460 1210 ad
468 1195 526 1210 divinas
533 1195 588 1210 volun-

214 1219 251 1235 tatis
258 1219 370 1235 rectitudinem
380 1219 397 1235 in
405 1219 467 1235 cunctis
474 1219 532 1240 dirigat
539 1224 557 1235 ac
565 1224 589 1235 re>

214 1244 273 1260 flectat.
281 1244 362 1260 Profectus
371 1244 457 1260 voluntatis
468 1246 497 1263 est,
506 1244 588 1260 universas

213 1274 251 1285 suas
261 1269 355 1285 affectiones
365 1268 424 1284 habere
436 1269 516 1284 ordinatas
527 1269 589 1284 virtuti-

214 1294 276 1314 busque
286 1293 361 1309 formatas
371 1296 387 1309 et
396 1294 415 1309 ad
425 1294 475 1309 Deum
484 1293 562 1311 reductas,
571 1295 589 1309 ut

214 1323 246 1335 non
254 1318 302 1334 libeat
311 1318 343 1334 nisi
352 1318 395 1339 quod
404 1318 437 1334 Deo
446 1318 502 1339 placet.
511 1318 588 1334 Perfectio

616 1076 643 1087 sus
652 1073 685 1090 est;
693 1073 709 1086 et
716 1071 818 1086 durissimam
829 1071 938 1091 poenitentiam
947 1071 993 1090 fecit,

616 1100 657 1116 pane
670 1098 686 1111 et
698 1100 738 1116 aqua
752 1095 853 1112 solummodo
867 1100 885 1111 ac
898 1096 994 1116 parcissime

616 1125 687 1138 vescens,
699 1122 715 1136 et
727 1120 781 1136 multis
794 1120 868 1136 noctibus
880 1121 947 1136 omnino
958 1125 993 1137 non

616 1145 702 1163 dormiens,
711 1145 738 1160 sed
750 1145 847 1160 incessanter
858 1147 901 1161 stans
913 1147 930 1161 et
940 1145 992 1161 Deum

616 1174 687 1185 exorans.
698 1169 747 1188 Quem
759 1169 839 1185 deamones
851 1170 945 1190 gravissime
957 1172 993 1186 ten-

615 1196 696 1214 taverunt,
702 1196 749 1215 etque
756 1194 806 1210 semel
814 1195 859 1215 quasi
867 1199 918 1215 usque
924 1195 943 1210 ad
950 1200 993 1211 mor-

616 1221 648 1235 tem
659 1224 668 1235 a
678 1219 749 1235 daemone
760 1221 784 1234 est
794 1224 879 1240 percussus
888 1223 891 1235 ε
900 1219 927 1235 sed
935 1220 994 1235 anxili-

615 1245 651 1259 ante
659 1243 719 1264 Spiritu
727 1243 784 1259 Sancto
792 1246 823 1259 tarn
831 1244 899 1260 viriliter
907 1244 970 1262 restitit,
977 1246 994 1260 et

615 1268 635 1284 ad
643 1270 702 1284 tantam
711 1268 825 1289 perfectionem
833 1269 903 1287 devenit,
911 1269 954 1289 quod
961 1274 992 1285 nos

616 1293 666 1313 magis
676 1293 751 1309 timemus
761 1298 824 1309 muscas
833 1298 882 1313 quam
892 1293 926 1314 ipse
936 1294 993 1310 timuit

616 1318 700 1334 deamones.
