1079 1569
221 126 293 138 mumma
305 126 321 138 Vt
331 126 368 138 Posr
377 126 481 138 ΝΛΤΝΠΑπΙ
491 126 556 138 enisu.
566 130 586 133 —
596 126 646 137 §mo
656 126 711 137 minus

825 121 856 137 255

20 174 23 176 ·
23 177 64 185 ......
74 168 110 184 tolo
118 169 174 184 dicunt
182 174 186 185 2
194 169 247 185 Gratia
254 169 282 184 Dei
292 174 328 184 suni
337 169 352 184 id
360 168 403 189 quod
410 173 452 184 sum.
460 168 473 184 Α
481 168 549 184 multum
562 168 641 189 proficiat*
653 168 715 184 Tertius
727 168 785 188 gradus
797 170 827 186 est,
839 167 855 183 in

96 193 207 209 Humilitatem
223 198 260 214 ergo
272 193 288 209 in
301 193 377 210 omnibus
389 195 405 209 et
416 194 453 209 ante

74 218 133 233 omnia
142 218 263 239 amplectamur*
271 218 297 234 Ait
307 223 377 239 namque
387 218 453 234 Bernar-

73 242 107 258 dus
116 247 120 258 ῑ
128 242 169 261 Quid
180 245 197 258 tu
209 242 276 260 inflaris,
286 247 296 258 e
307 243 366 258 homor
376 242 416 261 Ouid
426 247 453 258 ex>

73 267 138 282 tolleris
150 267 185 282 sine
197 271 249 285 causa,
262 272 312 287 quum
325 267 358 282 sola
371 266 453 282 humilitas

73 291 96 306 sit
105 296 142 312 quaa
151 291 221 307 exaltat?
229 291 264 307 Eme
272 291 304 310 via,
312 296 342 307 nec
353 293 410 312 praeter
417 295 452 306 eam

72 317 99 331 est
107 315 144 331 alia.
149 316 178 334 Oui
186 316 232 331 aliter
239 316 289 334 vadit,
294 315 336 331 cadit
344 315 397 336 potius
404 320 452 336 quam

73 340 154 360 procedit.
163 340 175 356 0
183 340 279 361 perversitas
288 342 304 356 et
314 340 371 356 abusio
380 340 452 356 filiorum

72 365 132 383 Adam,
141 365 217 385 quoniam
228 370 278 385 quum
291 365 376 380 ascendere
387 364 453 380 difficil-

73 389 134 405 linium
144 389 170 407 sit.
179 389 276 405 descendere
285 392 339 405 autem
351 389 452 407 facillimum,

73 414 106 434 ipsi
116 414 205 430 econtrario
212 419 241 435 per
249 414 341 435 superbiam
352 414 402 434 magis
410 419 452 434 qum-

73 441 114 454 runt
128 439 219 457 ascendere,
235 444 283 459 quain
300 443 329 459 per
344 438 451 454 humilitatem

480 193 611 209 tribulationibus
618 194 634 208 et
642 193 666 208 sui
675 192 814 213 aspernationibus
823 192 856 213 glo-

480 217 517 233 riari
528 219 576 238 atque
588 217 657 238 gaudere
668 222 719 238 quum
730 217 793 235 adsunt,
804 218 820 232 et
830 217 856 232 de*

480 242 550 258 siderare
558 246 584 257 eas
592 247 642 262 quum
650 242 713 260 desunt,
719 241 854 262 quemadmodum

480 266 502 282 ait
513 266 597 287 Apostolus
611 266 678 285 :Plaeeo
689 266 729 282 milii
742 266 758 281 in
772 266 855 281 infirmita-

481 291 523 306 tibus
534 291 580 309 meis,
588 293 605 306 et
615 290 722 309 contumeliis,
732 292 748 306 et
759 290 856 306 necessitati-

480 316 516 334 bus,
526 318 542 331 et
554 316 637 336 angustiis,
648 317 663 331 et
676 315 814 336 persecutionibus
826 319 855 336 pro

480 340 548 356 Christo,

500 365 567 385 lnsuper
578 364 654 385 patientia
667 364 711 380 utilis
723 366 747 380 est
759 364 778 380 ad
792 364 854 380 multa:

480 389 538 410 primo,
545 389 620 410 quoniam
628 389 736 405 tolerabiliora
743 389 782 405 facit
789 393 856 410 praesen·

480 414 501 429 tis
509 414 545 430 vitas
554 414 659 432 incommoda,
664 418 700 434 qum
707 414 745 429 dum
754 414 856 434 impatienter

481 438 559 457 feruntur,
568 443 614 459 poena
622 438 683 454 homini
691 438 791 458 duplicatio-3
800 443 856 454 secun-

73 463 179 482 descendere,
190 463 240 484 parati
251 463 271 479 ad
283 463 356 482 honores,
366 463 385 479 ad
397 463 452 484 praela-
461 464 473 480 B
480 463 506 482 do,
517 463 593 484 qnoniam
606 465 676 478 mentem
688 463 771 481 exhilarat,
783 464 800 478 et
811 468 820 478 a
832 462 855 478 di-

73 487 134 506 tiones,
142 488 161 503 ad
169 488 285 503 ecclesiasticas
295 488 384 508 dignitates.
394 487 412 503 Et
420 492 452 503 cer-

74 514 91 527 te
99 512 128 532 qui
136 512 218 528 contendit
225 512 318 533 supergredi
327 512 453 533 pmxinwsmul·

73 539 99 552 tas
112 536 184 552 inveniet
194 537 304 555 difficultates,
315 537 374 552 multos
387 536 452 552 babebit

73 561 149 580 aemulos,
164 561 222 577 multos
239 561 308 582 patietur
322 561 451 577 contradictores.

74 585 120 601 Nihil
129 588 183 602 autem
191 585 255 602 facilius
262 588 287 602 est
294 586 360 604 volenti,
368 591 416 606 quam
424 586 452 601 hu<

73 610 139 626 miliare
150 615 167 626 se
178 611 236 631 ipsum.

95 635 173 651 Proeterea
183 635 268 656 Apostolus
278 639 306 651 nos
315 635 387 651 hortatur
397 635 417 650 ad
426 640 452 656 pa-

74 660 150 675 tientiam
163 664 223 678 veram,
233 662 249 675 et
262 661 334 675 mutuam
346 660 452 680 supportatio-

74 689 121 703 nern,
130 686 147 700 ut
158 684 199 700 sicut
211 689 220 700 a
231 684 263 700 Deo
276 684 350 705 cupimus
362 684 452 705 supportari

73 709 92 725 in
105 709 164 724 nostris
176 709 271 727 defectibus,
283 709 304 724 ita
316 711 332 724 et
343 709 452 729 proximorum

74 735 191 754 supportemus
202 733 278 749 defectus.
290 733 317 749 Est
327 736 380 749 autem
394 733 453 754 patien-

480 488 531 503 rersis
543 487 684 504 amaricationibus
699 488 764 503 illaesam
777 487 855 507 custodia

479 512 532 531 tertio,
541 512 579 533 quia
587 512 667 533 proximus
675 512 720 528 valde
728 512 802 528 mdificat.
808 512 856 530 Quar-

480 539 501 555 to,
515 542 543 558 per
556 541 592 553 eam
606 537 657 557 gratia
670 537 786 555 accumulatur,
799 541 855 552 omnes

480 562 547 578 virtutes
556 562 668 583 perficiuntur,
677 564 693 577 et
700 562 748 578 homo
756 561 818 577 Christe
826 566 856 582 pro

480 592 497 602 se
507 591 555 607 passo
565 586 656 607 specialiter
667 586 780 602 conformatur.

500 611 578 632 Deinceps
585 611 657 627 hortatur
664 611 754 632 Apostolus,
759 613 776 627 ut
783 611 815 627 Deo
822 616 856 631 gra-

480 636 491 651 ti
500 640 535 651 esse
546 640 627 651 conemur.
636 636 683 652 Porro
692 638 710 651 ut
717 636 777 651 Seneca
787 636 803 651 in
814 636 856 651 libro

479 660 499 676 de
507 660 592 676 Beneficiis
602 660 664 679 scribit,
673 660 703 676 tria
711 660 731 676 ad
741 660 855 681 gratitudinem

480 685 588 706 requiruntur.
600 685 671 700 Primum
681 687 710 703 est,
721 687 738 700 ut
749 684 855 701 beneficiatus

480 709 579 725 beneficium
594 709 625 725 sihi
638 709 727 725 exhibitum
742 711 855 730 recognoscat3

480 734 574 752 secundum,
583 736 601 749 ut
609 734 648 750 illud
659 734 712 750 laudet
719 736 736 750 et
742 734 801 755 gratias
810 736 855 755 agan

73 758 102 773 tim
111 758 169 778 triplex
178 758 241 778 gradus.
251 758 319 776 Primus,
327 760 344 773 ut
354 760 415 774 motum
425 758 453 773 irae
461 759 472 774 C
480 758 551 777 tertium,
560 760 577 774 ut
585 758 619 774 loco
627 761 643 774 et
650 760 721 779 ternpore
729 761 819 780 opportuno
826 763 856 780 pro

74 784 92 798 et
101 782 206 803 impatientias
213 787 251 798 curn
262 782 315 798 labore
324 782 430 803 reprimamus
437 784 453 798 et

74 807 187 825 cohibeamus,
199 812 219 822 ne
230 807 272 823 foras
283 809 357 827 erumpat
368 809 383 823 et
395 812 423 828 per
433 807 453 823 si<

73 836 108 851 gna
119 831 214 847 turbationis
224 833 299 852 appareat
310 831 326 847 in
336 831 386 847 verbo
395 834 422 847 aut
432 832 454 847 fn-

74 857 108 873 eto,
114 860 134 871 ne
141 855 168 871 alii
176 856 312 871 scandalizentur:
318 856 453 876 quemadmodum

75 880 120 900 ignis
132 880 226 898 suffocatus,
237 880 302 901 proprio
312 880 356 896 furno
368 881 454 901 exstingui-

75 907 113 924 tur;
124 904 138 920 si
149 909 187 920 vero
199 909 231 920 non
243 904 332 923 cohibetur,
344 905 427 924 excrescit,
438 907 454 921 et

75 929 133 945 omnia
145 929 236 945 crema-bilia
249 934 285 950 quie
296 930 365 950 attingit,
376 930 452 945 incendit.

64 969 68 974 ,
76 954 109 970 Sed
120 956 138 969 ut
147 954 221 970 Salomon
232 954 303 974 loquitur
313 959 317 970 z
328 954 389 970 Stultus
400 955 453 970 statim

75 979 139 995 indicat
151 978 190 994 iram
200 983 251 994 suam.
260 978 343 995 Secundus
355 979 412 999 gradus
423 981 453 998 est,

75 1003 142 1024 quando
153 1008 173 1019 ex
186 1008 215 1019 usu
228 1003 298 1024 patiendi
310 1005 326 1019 et
337 1004 453 1024 impatientiam

75 1028 169 1044 refrenandi
177 1028 225 1044 homo
232 1028 289 1044 didicit
296 1033 328 1044 non
336 1029 392 1044 terreri
401 1034 454 1050 neque

481 788 509 799 sua
522 783 597 799 facultate
608 783 688 804 rependat.
699 783 761 799 Primus
774 784 856 804 ingratitu-

481 808 523 824 dinis
533 808 591 828 gradus
601 810 626 823 est
636 808 734 824 beneficium
746 813 777 824 non
789 808 856 824 retribu-

481 837 508 848 ere
519 837 522 848 z
533 832 553 848 ad
565 833 608 853 quod
620 832 703 848 reducitur
715 833 756 848 mala
768 837 797 853 pro
809 833 856 849 bonis

482 857 553 873 reddere.
562 857 644 873 Secundus
655 857 713 877 gradus
724 859 749 873 est
758 857 856 873 beneficium

481 881 589 900 dissimulare,
600 886 631 898 non
642 882 740 898 ostendendo
752 887 769 897 se
781 882 821 897 illud
832 887 857 898 ac-

482 906 543 927 cepisse
557 911 560 922 :
573 906 593 922 ad
605 906 648 927 quod
663 906 745 922 reducitur
757 906 856 922 beneficium

481 931 577 951 vituperare.
586 931 648 946 Tertius
656 933 704 951 atque
711 931 815 951 gravissimus
822 936 856 951 gra-

481 955 511 971 dus
520 957 545 971 est
553 955 651 971 beneficium
661 960 692 971 non
703 960 816 976 recognoscere
825 960 828 971 :
837 956 856 972 ad

481 980 524 1000 quod
534 980 616 996 reducitur
628 980 725 996 beneficium
737 980 782 1001 quasi
795 980 856 996 malefi-

481 1005 525 1020 cium
533 1005 617 1020 aestimare.
622 1004 700 1021 Omnibus
707 1005 758 1021 modis
766 1005 791 1020 liis
798 1005 856 1025 ingrati

482 1031 519 1045 sunt
527 1029 559 1045 Deo
567 1029 623 1050 iniqui.
632 1029 731 1050 Quicumque
739 1029 782 1045 enim
791 1030 807 1045 in
816 1034 857 1045 mor-

75 1052 139 1068 turbari
148 1052 225 1071 adversis,
233 1053 261 1068 sed
271 1053 317 1073 quasi
327 1053 343 1069 in
353 1053 387 1069 loco
396 1054 454 1069 consti-
461 1054 473 1070 D
482 1053 509 1069 tali
521 1055 545 1069 est
555 1054 599 1072 vitio,
608 1054 660 1069 reddit
669 1054 701 1070 Deo
711 1054 753 1070 mala
764 1059 793 1075 pro
803 1054 855 1073 bonis,

75 1079 122 1093 tutus
130 1079 164 1093 tuto
171 1079 218 1098 atque
227 1077 294 1096 munito,
302 1082 321 1093 ex
329 1082 365 1093 arce
373 1078 453 1098 patientiae

75 1103 199 1118 circumstantes
211 1102 309 1118 adversarios
324 1102 400 1121 intuetur,
413 1107 453 1123 quos

75 1127 120 1143 nihil
129 1127 160 1142 sibi
170 1131 216 1147 posse
226 1131 283 1142 nocere
293 1127 365 1143 confidit,
374 1127 404 1143 Sed
414 1129 453 1143 tarn-

76 1152 105 1167 diu
113 1151 161 1167 bomo
169 1153 237 1167 terretur
244 1151 320 1170 adversis,
329 1152 405 1172 quamdiu
414 1154 453 1168 tem-

75 1176 139 1197 poralia
151 1178 167 1192 et
178 1176 252 1195 honores,
262 1178 278 1192 et
290 1181 308 1192 ea
320 1181 355 1197 quaa
367 1177 453 1193 voluntatis

75 1203 116 1217 sunt
126 1201 200 1222 propriae,
208 1203 250 1217 amat
261 1201 348 1222 superflue.
358 1201 387 1220 Qui
399 1203 453 1217 autem

75 1231 96 1242 ea
106 1226 195 1242 inordinate
206 1230 237 1241 non
247 1226 305 1246 diligit,
313 1226 355 1241 sicut
365 1230 397 1242 non
407 1226 453 1242 valde

76 1250 166 1266 delectatur
180 1255 199 1266 ea
213 1250 292 1269 babendo,
306 1250 327 1266 ita
342 1255 372 1266 nec
384 1250 453 1271 graviter

76 1275 180 1291 contristatur
187 1280 205 1291 ea
213 1275 298 1296 perdendo,
302 1275 403 1291 considerans
411 1275 453 1296 quod

76 1305 97 1315 ex
105 1299 159 1315 divina
168 1299 287 1320 dispensatione
295 1299 326 1315 sibi
336 1304 365 1320 pro
374 1305 402 1315 sua
411 1300 453 1316 salu-

77 1326 94 1340 te
104 1324 128 1340 sic
139 1324 206 1343 accidat,
213 1325 230 1340 et
240 1324 333 1345 patientiam
345 1325 453 1341 conservando

482 1078 512 1094 hoc
527 1080 552 1094 est
566 1078 691 1094 inobedientiam
705 1081 721 1094 et
736 1079 855 1095 irreverentiam

481 1108 552 1123 gravem,
561 1103 596 1123 ejus
603 1103 653 1119 amori
661 1105 677 1119 et
685 1103 741 1119 honori
749 1104 857 1124 praeponendo

482 1130 539 1146 creata,
548 1133 589 1143 vana
599 1130 615 1143 et
625 1128 669 1146 vilia,
679 1133 698 1144 ac
709 1128 789 1149 propriam
800 1129 856 1145 volun-

481 1154 535 1168 tatem.
544 1153 589 1171 Item,
597 1153 625 1173 qui
636 1152 667 1168 Deo
678 1157 709 1168 nen
719 1153 768 1168 servit
775 1158 813 1169 cum
823 1158 856 1169 eor-

482 1182 520 1198 pore
530 1179 546 1193 et
555 1177 614 1196 anima,
623 1182 655 1193 non
666 1178 735 1193 ostendit
744 1182 761 1193 se
771 1182 830 1199 corpus
840 1180 856 1194 et

481 1202 551 1217 animam
559 1207 568 1217 a
576 1202 607 1217 Deo
615 1202 693 1218 sortitum.
702 1202 731 1221 Qui
740 1205 793 1218 autem
803 1203 823 1218 de
831 1203 856 1218 liis

866 269 896 281 nco
897 273 928 283 ......

481 1231 516 1247 quas
528 1226 576 1242 hahet
587 1231 597 1242 a
609 1227 645 1245 Deo,
658 1227 740 1247 gloriatur,
753 1229 769 1243 et
781 1227 928 1248 honorariicorma.

481 1251 515 1267 vult
523 1251 539 1267 in
549 1251 635 1272 semetipso
645 1252 690 1272 quasi
700 1256 732 1267 non
741 1252 830 1273 accepisset
836 1257 855 1268 ea

481 1276 501 1292 ab
512 1280 536 1294 eo,
545 1280 576 1292 non
587 1276 685 1296 recognoscit
696 1276 776 1292 beneficia
786 1277 819 1292 Dei⁴

501 1301 573 1316 Vitemus
581 1300 629 1321 igitur
636 1305 691 1316 omnes
699 1301 728 1317 hos
735 1301 854 1321 ingratitudinis

481 1325 548 1346 gradus;
558 1327 574 1341 et
584 1327 643 1344 mente,
651 1330 678 1341 ore
689 1330 707 1341 ac
717 1330 765 1347 opere
776 1326 854 1342 fateamur
