1079 1569
230 122 261 139 ³62

361 127 435 139 helimna
445 127 578 142 Qumeuaomiu.
588 132 609 135 —
618 128 640 139 an
649 127 747 144 Μιῐιὶιοθῠες
759 127 809 139 uuo
818 128 875 139 amun

230 174 262 185 non
273 170 352 189 habitum,
362 175 392 186 nec
403 170 478 186 virtutem
490 170 566 189 infusam,
576 170 603 186 seri
611 170 624 186 Α
631 170 696 186 rituales
708 170 789 191 corruptio
801 170 858 186 animas
871 171 973 190 recuperatur,
981 172 993 185 et

231 194 318 215 ipsummet
328 195 384 213 Deum,
392 197 408 211 et
419 199 447 216 per
457 195 604 216 appropriationem

231 219 308 240 Spiritum
320 219 396 235 Sanctum
407 224 411 235 z
423 219 465 240 quod
477 219 566 235 secundum
578 219 604 235 do-

231 246 282 260 ctores
295 244 401 260 communiter
413 246 454 260 stare
467 249 498 260 non
511 246 568 265 potest.
581 244 605 259 Id>

231 269 273 287 circo
285 269 378 287 tenendum,
391 269 433 289 quod
448 269 505 284 caritas
517 271 542 284 eat
553 269 604 284 virtus

231 293 361 314 supernaturalis,
373 293 466 314 spiritualis,
480 293 538 312 infusa,
550 293 605 309 voiun-

231 320 279 334 tatem
291 318 377 339 perficiens
389 320 405 334 et
415 318 508 337 informans,
519 317 605 338 spirituali-

231 344 287 363 terque
294 347 358 358 omnem
368 347 403 358 eam
413 343 498 358 habentem
506 342 591 358 vivificans
600 346 603 358 ε

231 372 260 388 per
267 372 315 388 quam
323 367 373 383 Deum
384 367 507 388 proximumque
515 367 603 387 diligimus,

231 392 300 413 optando
309 394 325 408 et
334 392 402 408 volendo
413 392 445 408 Deo
454 392 497 413 quod
507 392 542 412 ipse
552 394 581 410 est,
589 394 605 407 et

231 417 273 437 quod
285 417 339 435 habet,
349 419 365 432 et
377 417 419 437 quod
430 417 445 432 ei
456 417 523 432 debetur
535 421 605 437 eumque

231 442 277 457 decet
284 441 336 462 primo
344 444 359 457 et
367 441 436 457 maxime
444 443 509 462 propter
516 446 533 457 se
541 441 604 462 ipsulm

631 194 684 210 anima
692 195 796 216 spiritualiter
802 195 847 215 virgo
854 199 882 210 seu
890 194 994 215 integrmspoa-

631 224 649 235 aa
658 219 716 235 Christi
727 219 803 235 efficitur.
813 220 879 240 lnsupcr
887 224 917 240 per
923 219 993 235 caritatem

631 244 703 259 efficitur
710 244 758 260 homo
765 244 849 265 adoptivus
857 243 902 259 filius
908 243 994 262 Dei,amieus

631 268 715 287 Altissimi,
728 269 774 284 lieres
786 269 864 285 Creator-is
878 268 943 287 excelsi,
955 274 994 284 mem-

631 293 679 309 brum
690 293 748 309 Christi
759 295 807 314 atque
817 293 897 309 Ecclesiae⁴

651 318 703 336 Ouum
714 318 762 338 igitur
770 318 805 333 talis
812 323 831 333 ac
839 320 883 333 tanta
890 318 941 333 virtus
949 318 968 333 sit
975 323 994 334 ca-

632 342 675 361 ritas,
689 347 717 363 per
732 347 779 363 quam
794 342 842 358 bomo
854 344 887 358 tarn
902 342 995 358 ineffabiliter

631 367 739 387 dignisicatur,
748 369 780 382 tam
790 367 932 387 supernaturaliter
939 367 995 387 Spiritui

632 391 689 407 Sancto
697 391 811 410 conformatur,
819 394 851 407 tarn
859 391 970 412 gratiosissime
976 396 996 407 su-

632 416 714 434 blimatur,
727 418 743 432 et
754 416 773 432 ad
785 416 900 432 beatitudinem
914 416 996 437 perducitur

632 441 733 460 aeternalem3
747 441 784 456 binc
797 441 878 457 caritatem
892 445 940 461 super
951 441 995 456 omnir

231 466 308 487 proximis
318 470 382 486 quoque
391 466 433 482 bona
442 466 496 486 gratiae
505 466 521 481 in
530 465 604 486 praesenti
613 466 625 482 B
632 465 746 483 desideremus,
750 465 864 483 custodiamus,
868 467 884 481 et
890 465 966 485 perficere
971 465 996 480 rni-

231 493 248 507 et
257 491 299 507 bona
311 490 365 511 gloriae
376 491 392 506 in
405 490 459 506 futuro
469 490 579 508 desiderando,
589 492 605 506 et

232 516 255 532 eis
263 515 283 531 ad
293 515 320 531 illa
330 520 359 536 pro
367 515 429 531 viribus
439 515 543 535 cooperando.

252 540 312 556 Idcirco
324 544 353 561 per
365 540 446 555 caritatem
458 540 491 555 Deo
503 539 577 555 volumus
589 541 605 555 et

232 569 269 581 cum
279 565 341 580 interna
351 564 486 585 congratulatione
497 564 570 580 favemus
580 568 606 579 su-

231 595 257 606 am
269 589 362 608 bonitatem,
373 589 493 610 perfectionem,
504 589 604 609 sapientiam,

231 614 335 635 opulentiam,
343 614 459 630 beatitudinem
470 613 559 633 infinitem;
569 613 605 633 ejus

231 643 295 660 quoque
309 639 402 657 bonitatem,
417 638 523 659 praesentiam,
538 638 605 653 beatitu-

231 663 285 679 dinem
298 663 412 682 desideramus,
423 665 439 678 et
450 663 465 678 ei
478 662 521 678 uniri
532 667 550 678 ac
563 666 605 678 com-

232 688 295 709 placere
305 692 356 708 eoque
366 688 398 703 frui
408 692 457 708 super
466 687 520 703 omnia
530 688 606 707 praeopta<

232 717 276 732 mus3
287 713 320 728 zelo
330 712 378 728 etiam
388 712 412 728 sui
422 712 487 728 honoris
496 711 604 730 accendimur,

232 737 285 758 ipsum
298 737 335 753 totis
344 736 405 753 viribus
415 737 517 755 honorantes,
527 738 575 757 atque
585 736 605 752 ab

632 491 689 505 tamur.
700 489 736 510 ipsa
746 489 806 510 quippe
816 491 841 505 est
850 489 972 509 supernaturalis
980 489 996 504 si-

632 514 705 530 militudo
717 515 733 529 et
744 513 837 529 admiranda
850 518 915 534 prorsus
926 513 997 534 expressio

633 538 698 554 increati
706 538 764 554 amoris
771 538 798 558 qui
806 538 847 561 Deus
855 540 884 556 est,
893 538 913 554 de
922 542 953 558 quo
960 538 997 554 Joan-

632 568 661 579 nes
675 563 697 578 ait
709 563 790 583 apostolus
803 567 807 578 :
820 563 862 578 Deus
875 563 932 578 caritas
944 565 974 582 est;
984 565 1040 578 etun-e.

633 588 660 608 qui
671 590 725 603 manet
737 587 753 603 in
767 587 838 606 caritate,
849 587 865 603 in
878 587 911 603 Deo
924 584 1013 605 maneuet'*

633 613 674 629 Deua
682 613 698 628 in
706 617 729 628 eo⁴
739 613 758 628 Et
765 612 841 633 quoniam
849 613 907 628 caritas
914 613 997 633 appropria·

632 639 658 653 tur
666 637 733 658 Spiritui
740 637 803 655 Sancto,
810 637 866 653 caritas
874 637 963 657 specialiter
969 637 997 657 Spi-

632 662 673 677 ritus
681 661 734 677 Sancti
743 662 832 677 similitudo
841 662 874 677 sive
883 662 964 682 expressio
970 667 998 682 per-

632 686 701 702 bibetur.

652 711 734 729 l’raeterea,
743 711 819 731 quoniam
830 711 887 726 caritas
895 713 939 727 tanta
946 713 969 726 est
976 715 998 726 nm

632 735 691 754 bilitas,
703 735 745 751 salus
758 740 776 751 ac
789 735 871 756 opulentia
882 735 946 754 animm,
956 735 998 751 bostis

232 762 307 778 omnihus
319 761 392 777 honorari
403 761 463 782 jugiter
477 761 565 781 cupientes*
578 760 606 776 Ec·
613 761 624 777 G
632 760 707 780 antiquus
719 764 767 780 super
778 760 832 775 omnia
843 760 932 778 insidiatur,
942 762 999 776 cenauit

232 791 250 802 ce
260 786 286 802 isti
295 788 333 802 suut
341 788 399 802 sanctae
408 788 424 801 et
434 786 491 801 infusae
500 785 571 801 caritatis
580 790 605 801 ac-

232 813 258 827 tus
267 811 301 827 sive
311 811 378 827 effectus
389 815 393 826 :
404 811 419 826 in
430 810 489 831 quibus
500 812 560 831 quanto
571 814 605 830 per-

232 835 306 851 fectiores
318 837 335 850 et
345 835 430 850 alacriores
440 834 524 852 fuerimus,
535 836 579 850 tanto
589 834 605 850 iu

232 860 297 876 caritate
307 859 410 880 perfectiores
423 859 559 879 ferventioresque
570 863 606 879 pro-

232 885 294 901 bamur*

252 910 333 927 Praewrea,
342 909 383 924 inter
391 910 422 924 tres
429 908 496 924 virtutes
503 908 605 928 theologicas,

233 939 268 955 quaa
280 936 323 952 sunt,
333 933 381 952 fides,
392 937 434 954 spes,
444 933 507 951 caritas,
519 933 606 953 primatum

232 959 289 975 caritas
299 959 334 979 ipsa
343 958 413 974 sortitur.
422 958 441 973 Et
448 957 523 973 dicuntur
530 959 563 973 tres
573 957 607 973 istae

232 984 299 1000 virtutes
315 983 408 1003 theologica
424 987 452 998 seu
469 982 532 1000 divinoe,
548 982 606 1003 quoui-

231 1014 257 1025 am
267 1008 317 1024 Deum
328 1008 387 1023 habent
396 1012 425 1028 pro
436 1007 527 1023 immediato
537 1006 606 1027 objecto,

231 1033 305 1054 quamvis
313 1032 343 1048 sub
351 1032 413 1048 diversa
421 1032 482 1047 ratione
490 1031 552 1047 formali
559 1031 607 1052 :quia

632 787 649 800 et
656 784 712 805 satagit
719 784 801 800 caritatem
809 784 825 800 in
833 784 880 800 nobis
888 784 942 803 ferire,
950 784 998 800 ladem

633 811 649 825 ot
659 809 728 827 auferre,
738 809 763 824 vel
776 813 827 824 unum
839 811 895 824 contra
906 809 955 825 alium
967 809 999 824 inci-

633 834 686 852 tando,
694 833 719 849 vei
728 838 860 854 unumquemque
867 833 887 849 ari
895 834 999 854 quodcumque

634 857 700 873 mortale
707 859 790 878 peccatum
798 857 881 876 trahendo,
889 857 915 873 vel
924 858 977 873 saltem
984 857 999 872 ni

633 882 702 898 venialia
709 884 726 898 et
733 887 788 898 eorum
797 882 910 903 frequentiam,
919 884 936 898 ut
945 882 966 898 sic
973 884 1000 897 un-

633 908 670 923 dem
684 907 705 923 ad
719 907 785 923 mortale
799 912 870 925 ruamus,
884 907 910 923 vel
922 907 976 923 saltem
987 906 999 922 in

634 932 699 948 cerione
710 932 763 947 minna
775 931 884 952 proficiamus.
895 931 918 947 Ad
932 932 964 947 brec
974 933 1000 946 tota

634 956 677 972 illius
689 956 772 972 ordinatur
782 956 878 976 malignitas,
888 956 915 976 qui
926 960 975 976 quum
984 955 1001 970 sit

633 981 677 997 omui
686 981 746 997 invidia
754 981 816 1001 plenus,
821 980 865 996 nulla
873 985 890 996 re
897 983 959 996 tantum
966 980 1001 996 sient

634 1006 698 1021 caritate
710 1007 763 1021 nostra
775 1005 859 1025 affligitur,
870 1005 906 1025 igne
917 1007 973 1021 nostran
982 1004 1001 1020 di-

634 1030 707 1046 lectionis
717 1029 813 1048 iucenditur,
821 1034 860 1050 pace
870 1031 887 1045 et
896 1030 979 1045 concordia
986 1033 1001 1044 ac

232 1058 262 1074 sub
272 1057 333 1073 ratione
340 1056 400 1073 summi
409 1056 447 1072 boni
456 1056 498 1072 Deus
505 1058 530 1071 est
537 1056 607 1071 caritatis
614 1056 627 1071 D
634 1056 690 1070 mutuo
702 1056 757 1070 nostro
768 1054 850 1070 caritativo
862 1054 946 1075 obsequio,
956 1058 1001 1070 exem-

230 1083 311 1103 objectum
316 1086 320 1101 ;
325 1081 355 1097 sub
364 1081 423 1097 ratione
430 1081 486 1101 primae
493 1080 565 1096 veritatis
573 1080 607 1101 ipse

232 1107 314 1127 obiectum
326 1108 350 1122 est
362 1106 410 1126 fidei;
423 1105 453 1121 sub
466 1105 526 1121 ratione
540 1110 607 1121 summm

232 1131 336 1148 beatitudinis
343 1130 424 1151 objectum
433 1132 457 1145 est
465 1130 504 1150 spei*
510 1130 569 1145 Harum
577 1129 607 1145 viis

232 1158 290 1174 tutum,
304 1155 345 1171 fides
357 1157 373 1171 et
385 1159 421 1175 spes
433 1156 500 1175 possunt
511 1159 546 1170 esse
559 1153 607 1169 infor-

233 1186 272 1199 mes,
281 1185 312 1197 non
322 1180 384 1196 caritas.

253 1206 272 1221 Et
283 1205 359 1221 dicuntur
371 1204 438 1220 virtutes
450 1204 474 1219 hm
486 1203 534 1219 etiam
547 1203 606 1219 tlicolo-

232 1231 272 1251 gicae
283 1235 302 1246 ac
314 1229 378 1247 divinae,
389 1229 426 1249 quia
436 1233 464 1249 per
474 1228 516 1249 ipsas
527 1228 607 1249 praecipue

233 1257 249 1271 et
257 1254 348 1271 immediate
358 1254 416 1269 colitur
423 1253 464 1269 Deus
473 1257 477 1268 z
486 1253 518 1268 imo
526 1257 555 1273 per
565 1253 607 1273 ipsas

233 1279 287 1295 anima
301 1279 333 1294 Deo
347 1278 457 1299 desponsatur,
472 1277 528 1293 intime
542 1277 607 1298 copula·

233 1306 265 1322 tur,
274 1306 291 1319 et
299 1303 319 1319 ah
330 1303 364 1323 ipso
374 1302 459 1318 salubriter
468 1302 563 1317 fecundatur
573 1306 608 1317 sua-

234 1329 306 1350 viterque
314 1327 421 1348 amplectitur.
429 1327 458 1343 Per
465 1326 493 1342 iias
501 1326 568 1342 virtutes
576 1326 608 1347 spi-

634 1079 707 1100 plarique
719 1078 850 1098 conversatione3
860 1080 876 1094 et
889 1083 925 1094 cum
938 1083 957 1094 eo
966 1077 1001 1099 quoii

634 1106 658 1119 est
666 1103 735 1119 caritatis
745 1103 846 1121 nutritivum,
854 1103 980 1119 conservativum
987 1107 1001 1118 au

634 1128 746 1149 perfectivum,
754 1127 858 1143 vehementer
867 1129 955 1148 torquetur.

651 1153 681 1168 Sed
688 1152 721 1173 jam
730 1157 772 1168 nunc
780 1154 835 1168 contra
841 1154 873 1168 tam
879 1148 1002 1168 crudelissimum

634 1183 652 1194 ac
660 1177 778 1193 invidissimum
786 1177 853 1195 bostem,
860 1177 883 1193 nil
891 1177 935 1193 aliud
943 1177 973 1193 nisi
980 1181 1002 1192 ni>

634 1205 702 1218 strarum
710 1202 800 1218 animarum
808 1202 926 1222 sanguinem,id
935 1204 958 1217 est
965 1201 1003 1222 spiri

634 1227 694 1243 tuaicm
701 1226 783 1243 interitum
789 1228 836 1247 atque
842 1229 918 1242 aeternam
924 1226 1003 1242 damnatio·

634 1257 673 1269 nem,
678 1251 799 1272 implacabiliter
804 1251 1003 1272 sitientemmagnanimiter

635 1281 746 1297 provocemur,
755 1278 809 1292 eontra
816 1281 853 1291 enm
861 1276 977 1296 circumspecte
983 1280 1002 1291 ar-

635 1306 703 1319 memur,
717 1300 731 1316 ei
745 1300 865 1321 infatigabiliter
879 1300 981 1318 reluctemur,
990 1301 1002 1315 et

635 1326 655 1342 de
667 1326 702 1347 ipso
714 1330 743 1341 nos
756 1325 812 1341 fortius
825 1325 927 1341 ulciscamur.
938 1325 973 1341 Eoec
983 1326 1004 1340 est
