1079 1569
155 411 221 424 Lucan».

158 1100 196 1112 Ιοωιιι
197 1104 218 1113 ιιιιι

157 1174 201 1185 Μιιιι.4
205 1177 219 1187 ιι,

228 114 248 130 46
391 118 465 131 nonnum
477 119 488 130 u
499 118 583 130 anvmus.
594 123 614 126 -
624 118 713 130 :nannum
723 118 740 130 nv
750 118 847 130 mnan-mu

228 160 301 177 detentos
316 161 332 177 iu
348 161 404 180 limbo,
420 166 470 182 quum
486 165 515 181 pro
530 160 626 176 omnibusA
657 160 702 176 Circa
718 160 761 176 hunc
778 160 831 176 locum
848 160 904 176 scribit
918 160 1008 181 Chrysosto-

229 187 296 201 mortem
303 188 387 206 gustasset.
393 186 460 206 Insuper
467 186 517 201 sancti
525 185 552 206 qui
561 187 606 200 erant

229 209 245 225 in
260 209 316 228 limbo,
329 210 443 231 exspectabant
457 210 547 225 certissime
562 209 606 225 Chri>

229 236 271 250 atum
286 235 305 250 ad
320 239 347 250 eos
362 235 452 250 educendos
467 236 563 253 venturum;
576 238 606 249 nec

228 259 322 279 ignorabant
333 259 413 275 Christum
423 259 457 279 jam
468 263 503 274 esse
516 260 577 277 natum,
587 263 605 274 ac

228 283 279 299 virilis
289 284 345 302 aetatis,
354 284 391 304 quia
401 285 417 299 ot
426 283 462 304 ejus
472 283 557 299 infantiam
566 287 576 298 a
583 282 606 298 Si>

228 312 285 324 meone
292 310 308 323 et
317 308 363 324 Anna
373 308 498 328 parentibusque
505 308 570 323 Joannis
578 307 605 323 aa·

228 332 286 353 ptistae,
294 332 357 348 audisse
365 332 440 348 credendi
448 334 490 348 sunt*
499 332 544 351 Quod
551 334 605 348 autem

227 361 303 377 passurus
315 359 357 373 osset
369 357 441 373 Christus
455 357 558 378 passionique
570 361 605 377 pro-

228 381 286 400 ximus,
295 384 313 397 ut
322 384 375 398 cetera
385 384 452 400 taceam,
460 387 469 397 a
480 382 533 402 Moyse
543 381 605 397 discere

228 408 319 427 potuerunt,
325 408 409 427 postquam
417 406 554 427 transfigurationi
562 406 605 422 Chri-

228 431 247 446 sti
256 431 316 452 Moyses
324 433 340 447 et
349 431 392 447 Elias
402 431 515 449 interfuerunt,
523 433 540 446 et
547 431 567 446 de
575 431 604 446 im—

634 189 670 200 mus
683 189 687 200 z
700 185 778 203 Quamdiu
792 185 860 201 loannes
875 189 912 200 cum
927 185 960 200 suis
975 187 1007 200 erat

634 209 723 230 discipulis,
731 209 808 225 suadebat
818 210 895 225 continuo
903 209 926 225 eis
936 209 955 225 de
965 209 1008 225 Chri-

633 236 667 253 sto3
675 236 691 249 ct
701 234 738 254 quia
747 234 780 254 jam
789 234 875 250 moriturus
883 236 922 252 erat,
931 234 1007 254 majorem

633 258 733 278 diligentiam
744 258 787 274 facit.
801 258 898 274 Formidovit
908 258 951 274 euim
961 263 982 274 ne
992 258 1007 274 in

633 282 667 298 suis
681 282 765 303 discipulis
780 283 888 303 perniciosum
902 287 972 298 errorem
986 287 1008 298 re-

633 307 718 327 linqueret,
732 309 747 323 et
760 307 783 323 sic
797 307 906 328 abjicerentur
918 312 927 323 a
939 307 1006 323 Christo.

633 331 670 347 ideo
680 332 729 347 mittit
739 336 766 348 eos
778 332 797 348 sd
807 332 897 351 Christum3
908 336 937 348 nec
947 332 975 351 ait,
986 332 1007 347 lie

632 356 652 372 ad
660 356 755 377 illurn,quia
762 357 819 372 melior
827 361 852 372 me
859 357 970 377 est,quoniam
978 357 1007 372 boc

633 381 700 397 dicendo
711 385 743 397 non
755 382 860 402 persuasisset
868 381 897 400 eis,
908 381 936 397 sed
945 383 1007 402 putare<

633 407 659 421 tur
666 406 734 421 humilia
742 406 761 421 de
769 410 786 422 se
793 406 864 421 sentiens
872 406 915 426 loqui
922 406 969 422 :ideo
976 411 1006 422 non

633 430 682 446 mittit
689 435 751 449 omnes,
760 431 787 446 sed
795 431 840 449 duos,
849 435 888 451 quos
898 433 965 446 noverat
973 436 1006 451 per-

228 455 298 471 minente
306 458 345 471 tunc
352 456 388 476 ejus
398 455 472 476 passione
480 460 517 471 cum
526 455 561 476 ipso
569 460 604 476 per>
614 456 625 472 Β
633 455 747 473 suasibiliores,
757 457 775 470 ut
784 460 804 471 ex
817 455 864 471 rebus
876 455 916 476 ipsis
927 455 1007 471 discerent

226 480 302 496 sonaliter
309 480 416 498 contulerunt,
424 482 442 495 ut
449 480 499 496 Lucas
506 480 604 500 evangelista

226 507 297 521 testatus.
308 505 353 521 Tunc
364 505 424 525 quippe
434 505 454 520 ad
464 504 532 520 limbum
543 505 604 525 Moyses

226 530 295 548 rediens,
304 530 363 545 sanctis
374 529 396 545 ibi
406 529 447 545 dixit
456 529 499 550 quod
507 529 547 545 vidit
556 531 603 550 atque

225 554 292 570 audivit.
301 554 374 570 Arbitror
381 559 450 575 quoque,
458 554 501 575 quod
509 554 561 574 angeli
569 559 604 569 san-

226 579 248 594 cti
255 581 308 599 patres
316 579 333 594 iu
341 579 391 594 limbo
399 579 480 594 multoties
487 579 579 597 visitabant,
588 580 603 594 et

226 604 246 619 de
257 604 329 624 proxima
340 608 396 619 eorum
410 603 509 621 liberatione,
517 603 603 624 appropio>

226 630 285 649 quante
295 628 353 644 Christi
364 628 443 648 passione,
452 628 580 644 consolabantur.

243 652 269 668 Est
276 657 313 673 ergo
320 652 351 668 alia
359 652 437 673 expositio
444 652 501 668 horum
509 652 602 668 verborum:

225 677 248 693 Tu
260 682 277 693 es
290 677 318 698 qui
330 679 407 693 venturus
418 678 447 693 esl
458 677 473 692 id
486 679 515 695 est,
525 682 545 692 an
556 678 573 692 tu
585 682 602 692 es

226 702 298 718 Christus
308 702 336 722 qui
347 706 375 722 per
385 701 470 722 Prophetas
480 703 557 717 venturus
567 706 602 717 esse

225 726 341 747 prmnuntiatus
351 727 380 742 es?
387 726 411 742 Αιι
421 726 471 742 alium
479 727 602 747 exspectamus?

632 479 723 495 distantiam
739 480 780 495 inter
795 485 832 496 eum
844 482 860 496 et
874 480 933 496 Iesum,
946 480 1006 501 ltaque,

632 504 672 520 sicut
680 504 762 525 Prophetae
772 505 830 520 veteris
840 505 936 520 Testamenti
947 505 963 520 in
974 505 1006 520 suis

631 529 732 545 sermonibus
743 529 823 545 interdum
832 529 848 545 in
857 534 925 550 persona
934 529 1006 545 incredu-

632 553 683 569 lorum
691 558 709 569 ac
718 556 851 574 transgressorum
862 554 955 574 loquuntur,
963 556 979 570 et
987 559 1006 570 ex

632 578 722 594 humilitate
731 583 748 594 se
758 579 790 594 illis
799 581 920 597 connumerant,
928 580 946 594 ut
955 584 1006 599 quum

631 603 679 619 isaias
694 603 761 623 loquens
776 604 795 619 de
810 603 877 621 Christo.
891 604 1006 624 Reputavimus
1017 609 1058 620 hun

630 628 697 648 (inquit)
708 633 745 643 eum
757 628 802 648 quasi
815 628 902 649 leprosum,
913 630 929 644 el
942 631 1006 649 percus-

631 657 667 668 sum
674 657 684 668 a
691 653 723 668 Deo
731 654 747 668 et
756 652 866 672 bumiliatum;
873 652 927 668 Daniel
935 657 1005 674 quoque,

630 682 680 697 quum
688 677 715 695 ait,
722 677 829 696 Peccavimus,
835 677 889 698 inique
897 678 1005 698 egimus,etc.:
1011 682 1056 693 omn:

631 702 652 717 ita
663 701 731 717 loannes
743 702 759 717 in
772 702 802 717 bac
814 702 902 722 quastione
912 702 928 718 in
938 707 1006 723 persona

630 726 738 742 dubitantium
750 726 866 747 discipulorum
877 727 940 743 loeutus
951 729 980 743 est.

226 751 241 766 id
252 753 281 769 est,
292 753 385 771 exspectare
397 750 481 769 debemus,
495 751 522 771 qui
534 750 602 766 salvabit
611 751 622 767 C
650 751 726 766 Praeterea
735 751 856 770 advertendum,
864 752 907 772 quod
917 752 955 772 quia
966 752 1005 767 cele-

224 780 275 796 genus
283 775 377 791 humanum.
386 775 405 791 Et
415 775 445 791 hoc
456 779 487 791 non
498 780 517 791 ex
529 775 602 795 ignorau-

225 800 252 819 tia,
261 800 289 816 sed
299 805 328 821 pro
338 800 454 821 discipulorum
466 804 531 816 suorum
544 800 601 816 instru-

225 825 278 841 ctione
285 825 310 845 (ut
317 827 377 841 tactum
384 825 416 845 est)
423 824 497 845 quaesivit
503 825 575 840 loannes.
584 825 602 840 Ut

225 849 269 865 euim
280 849 391 870 Hieronymus,
399 849 446 868 Beda,
457 851 474 865 et
484 849 511 864 alii
522 849 600 868 scribunt,

225 874 301 894 discipuli
310 874 375 890 loannis
385 879 404 889 ex
414 873 505 889 vehementi
515 873 601 889 affectione

224 899 244 914 ad
258 899 351 919 magistrum
364 903 412 914 suum
423 899 506 917 Ioannem,
518 902 549 914 non
563 898 601 914 satis

224 923 336 944 :equanimiter
348 923 421 939 serebant
433 923 545 938 excellentiam
558 923 601 938 Chri-

225 948 255 967 sti;
266 948 293 963 sed
305 947 366 968 aliquid
378 947 486 963 mordacitatis
499 949 553 963 contra
563 952 600 963 eum

225 974 338 993 conceperunt,
344 976 363 988 eo
369 972 411 992 quod
418 972 439 988 ita
445 977 473 993 per
479 972 601 992 signa,virtutes

225 1002 243 1013 ac
254 997 350 1013 documenta
362 997 445 1018 praeiulsit,
457 1002 475 1012 ac
487 997 601 1017 praeferebatur

225 1026 281 1038 eorum
289 1022 365 1042 magistro
371 1022 432 1037 Joanni.
440 1021 459 1037 Et
466 1021 496 1037 boc
503 1026 523 1037 ex
531 1022 601 1042 Evange-

630 775 699 791 berrima
712 775 754 796 apud
765 775 827 792 Judaeos
838 776 898 792 exstitit
909 776 952 792 fanu
963 776 1005 797 quod

630 800 702 816 Christus
712 802 753 816 esset
762 802 838 816 venturus
847 801 863 816 in
872 801 955 819 mundum,
964 801 1006 817 sicut

629 829 639 840 a
647 825 727 845 principio
734 825 788 840 saeeuli
796 825 827 840 fuit
837 825 937 845 pradictum.
946 825 1005 841 idcirco

630 854 658 869 per
673 849 713 864 banc
728 849 894 868 circumlocutionem,
908 850 931 865 Tu
945 855 963 866 es
978 850 1005 870 qui

629 875 706 889 venturus
717 874 746 889 es?
755 873 813 889 Christi
825 879 892 894 persona
904 874 1003 895 exprimitur.

629 898 673 914 Unde
686 898 753 914 Jocnnes
767 900 820 914 narrat
832 899 968 919 quemadmodum
980 899 1005 915 lu*

629 922 664 941 dmi,
673 923 707 938 viso
718 923 796 938 miraculo
807 927 838 944 quo
849 923 921 939 Christus
934 923 1004 944 quinque

629 947 680 963 millia
690 947 710 963 de
721 947 793 968 quinque
804 947 872 968 panibus
884 948 953 966 satiavit,
961 948 1004 964 dixe-

629 973 666 987 runt
674 976 678 987 z
686 972 715 987 Flic
725 974 749 987 est
757 976 794 987 vere
804 972 881 993 Propheta
891 972 919 993 qui
927 975 1004 988 venturus
1014 977 1057 988 ‹vua-v·

629 998 653 1012 ost
666 996 682 1012 in
697 997 780 1012 mundum.
794 997 834 1012 Hinc
848 997 905 1013 scribit
918 997 987 1018 Cyriilus
999 994 1024 1013 2¹⁵·

628 1021 668 1039 Quia
675 1021 756 1042 Scriptura
764 1021 805 1037 bunc
813 1021 886 1042 priedixit
894 1021 965 1038 futurum
973 1024 1004 1038 tan-

226 1047 247 1062 lio
253 1046 292 1062 satis
298 1046 366 1062 elicitur.
371 1046 389 1062 Ut
396 1046 440 1062 enirn
446 1046 489 1067 apud
495 1046 572 1062 loannem
580 1046 601 1062 le-
609 1048 621 1064 D
628 1050 677 1066 quam
687 1046 738 1061 Deum
748 1051 766 1061 ac
776 1046 867 1065 Dominum,
875 1046 903 1062 alii
911 1051 949 1062 vero
959 1047 1004 1062 missi

225 1071 271 1092 gitur,
278 1071 354 1091 discipuli
361 1071 426 1087 loannis
435 1071 503 1091 quadam
513 1071 548 1087 vice
558 1071 601 1086 dixe-

226 1098 264 1112 runt
270 1096 290 1111 ad
297 1100 341 1114 eum,
347 1095 425 1116 Magister,
432 1095 457 1111 cui
465 1097 483 1111 tu
491 1095 600 1111 testimonium

226 1120 327 1141 perhibebas,
336 1120 411 1141 baptizat,
419 1122 435 1135 et
442 1124 497 1139 omnes
505 1120 572 1136 veniunt
581 1120 601 1136 nd

226 1150 273 1165 eum;
284 1147 300 1161 et
310 1145 341 1161 alia
350 1145 385 1160 vice
395 1145 470 1160 dixerunt
482 1145 502 1160 ad
514 1145 600 1163 Christum,

226 1170 277 1189 Quare
284 1174 313 1186 nos
322 1171 338 1185 et
345 1169 419 1185 Pharisaei
426 1169 518 1190 jejunamus
526 1169 600 1190 frequen-

226 1197 256 1214 ter,
264 1195 287 1210 tui
295 1197 348 1210 autem
356 1194 431 1215 discipuli
442 1199 474 1210 non
481 1194 564 1214 jejunanti
572 1194 600 1209 Ve-

226 1222 316 1235 rumtamen
324 1219 366 1235 istud
373 1223 405 1235 non
411 1223 447 1235 reor
453 1219 573 1239 intelligendum
581 1219 600 1234 de

225 1244 301 1260 omnibus
310 1244 375 1260 loannis
387 1243 476 1264 discipulis,
487 1243 529 1264 quod
539 1243 601 1259 scilicet

226 1271 258 1285 tarn
265 1268 355 1289 imperfecti
361 1270 377 1284 et
383 1268 469 1289 passionati
475 1268 570 1286 exstiterint,
574 1268 600 1289 qui

225 1298 234 1309 a
247 1295 279 1309 tam
294 1293 395 1309 sanctissimo
407 1293 501 1313 regebantur
514 1293 599 1313 magistro3

225 1318 253 1334 sed
259 1318 324 1339 quidun
331 1322 387 1334 eorum
393 1317 433 1333 tales
439 1317 458 1333 ad
465 1319 526 1338 tempus
532 1317 598 1333 fuerunt.

628 1072 666 1086 sunt
673 1073 749 1091 tanquam
759 1071 815 1086 famuli
825 1073 862 1086 ante
872 1076 908 1087 eum
915 1075 919 1091 ς
927 1071 963 1087 ideo
971 1076 1003 1087 om-

628 1095 674 1111 nium
682 1095 753 1111 Salvator
760 1100 779 1118 pc
787 1096 864 1111 Dominus
871 1100 880 1111 ιι
887 1096 970 1116 Prophetis
978 1096 1003 1112 do-

628 1119 720 1140 signabatur
731 1125 759 1141 per
769 1120 803 1136 brec
813 1120 866 1139 verba,
875 1120 904 1139 Qui
914 1121 964 1139 venit,
972 1121 1003 1139 vel,

628 1145 657 1163 Qui
665 1146 742 1160 venturus
750 1147 774 1160 est
781 1149 784 1160 ι
789 1145 835 1165 juxta
843 1145 881 1161 illud
889 1145 1005 1164 Psalmi,Bene-
1015 1149 1032 1160 1³..
1037 1151 1056 1159 a·-

628 1169 680 1185 dictus
688 1169 715 1190 qui
724 1169 768 1185 venit
775 1170 791 1185 in
802 1170 866 1185 nomine
874 1170 937 1186 Domini
943 1175 948 1190 ;
955 1172 1003 1191 atque
1009 1166 1023 1176 ‘¹'

628 1194 668 1209 illud
680 1194 753 1210 Habacuc
769 1194 855 1215 prophetas,
868 1195 904 1210 Post
916 1195 1002 1214 modicum,
1015 1198 1056 1210 unu>-

628 1219 655 1240 qui
668 1221 745 1234 venturus
757 1221 782 1234 est
793 1219 851 1235 veniet.
864 1219 922 1240 Sicque
934 1220 1003 1240 Baptista
1009 1214 1055 1241 ξω*

628 1248 685 1259 nomen
696 1243 776 1264 accipiens
787 1248 796 1259 a
806 1244 893 1264 Scriptura,
904 1244 1001 1265 interrogat:

627 1268 650 1283 Tu
662 1273 679 1284 es
690 1268 718 1289 qui
730 1270 806 1284 venturus
817 1269 845 1284 esi
853 1269 868 1284 id
880 1271 909 1288 est,
920 1274 940 1285 an
952 1271 968 1285 tu
981 1270 1002 1285 sis

627 1292 698 1308 Christus
706 1293 733 1313 qui
741 1293 855 1313 prienuntiatus
862 1298 879 1309 es
886 1298 921 1310 esse
927 1296 1002 1310 venturus

627 1319 703 1338 tanquam
713 1317 804 1338 praecipuus
812 1320 828 1333 et
835 1318 908 1334 omnium
918 1319 1002 1335 summust
