1079 1569
135 865 195 879 1·.mv,0.

134 1087 164 1099 m.
167 1091 196 1101 m..

128 1104 180 1146 ἓιὶιιιῃ.
184 1122 195 1132 ιι.

202 124 232 141 ¹02

413 129 488 141 mmm
498 129 514 141 W
524 129 609 141 mvmos.
619 133 640 136 —
650 129 700 141 Sfflo
710 129 773 141 mm!

201 171 290 191 tionem,ad
297 172 453 188 vehementissimam
461 172 578 191 contritionem,
585 172 599 188 A
606 172 691 188 infundere
698 177 740 193 saepe
748 172 822 193 dignatus
829 174 863 192 est;
873 174 889 188 et
896 172 942 188 donis
950 172 984 188 illis

201 197 221 213 ad
229 196 346 217 infatigabilem
353 197 485 213 satisfactionem:
490 197 578 217 prasertim

201 221 215 237 ai
227 221 334 242 ponderemus
346 223 406 242 quanta
416 221 437 237 sit
446 221 499 237 vilitas
511 221 579 237 enormi-

201 248 257 267 tasque
265 246 372 267 peecati,quae
379 248 422 262 tanto
430 248 454 262 est
461 245 579 267 major,quanto

202 271 277 291 majestas
291 275 310 286 ac
326 271 394 291 dignitas
409 271 436 286 Dei
452 270 514 286 exsistit
527 270 578 286 subli-

202 295 247 315 mior.
259 295 282 311 Ex
294 295 324 311 hac
337 295 390 316 itaque
402 295 529 311 consideratione
540 295 579 310 vile-

202 325 265 336 scamus
274 320 334 340 jugiter
341 319 467 340 nobismetipsis,
475 321 491 335 et
501 319 517 335 in
527 320 578 335 oculis

201 345 260 360 nostris
270 349 334 365 semper
341 344 387 363 viles,
395 344 466 362 viliores,
474 344 549 360 vilissimi
559 344 579 359 si-

202 374 238 385 mus
246 373 250 384 :
259 369 298 390 quia
305 371 323 384 ιιι
329 369 352 384 ait
359 368 450 389 Gregorius,
457 370 501 384 tanto
508 368 528 384 fit
535 368 578 389 quis-

201 398 233 414 que
240 393 289 409 vilior
296 394 333 412 Deo,
342 395 401 414 quanto
411 395 436 409 est
444 393 529 414 pretiosior
536 393 578 413 sibi3

202 420 218 434 et
225 420 269 434 tanto
278 418 298 434 fit
307 418 392 439 pretiosior
398 418 436 436 Deo,
445 420 504 438 quanto
513 419 579 438 propter

201 443 252 459 Deum
261 443 309 458 vilior
320 442 355 458 sibi.
365 442 489 458 Contemnamus
499 443 537 463 ergo
550 446 578 458 nos

606 197 692 212 miscemus
700 202 735 218 qnae
743 199 797 213 nostra
803 199 886 218 §nunqua
894 202 934 213 vana
941 198 983 215 sunt.

606 221 645 237 vilia
654 223 671 237 et
681 221 768 237 immunda,

626 246 690 264 Quinto,
698 246 718 261 ad
726 246 768 262 idem
776 246 818 262 valet
828 246 934 262 consideratio
941 246 983 267 peri-

607 270 695 286 culositatis
707 273 723 286 et
735 271 854 287 incertitudinis
864 273 914 287 status
926 271 982 287 nostri.

607 295 666 311 Sumus
673 300 743 316 namque
751 295 767 311 in
777 295 835 311 saeculo
843 295 874 311 isto
881 297 956 316 tanquam
966 296 982 311 in

606 320 650 340 gravi
663 320 724 338 exsilio,
735 322 751 335 et
762 320 908 336 innumerabilibus
921 320 983 341 laqueis

606 346 653 365 atque
660 344 736 365 periculis
744 349 799 360 sumus
807 344 906 363 circumdati,
915 344 947 360 imo
954 349 982 365 pe-

606 368 657 385 riculo
666 370 729 385 aiterum
738 369 845 385 damnationis
856 369 929 390 expositi.
938 370 983 390 Igno-

606 398 659 409 ramus
672 398 741 414 quoque,
749 395 767 409 ut
777 394 851 410 Salomon
861 394 888 413 ait,
896 399 916 410 an
926 399 982 410 amore

606 418 650 439 digni
660 418 716 436 simus,
724 423 744 434 au
754 418 799 438 odio3
808 420 823 434 et
833 423 899 439 prorsus
908 419 981 439 ignotum

606 444 630 458 est
644 442 691 458 nobis
704 447 725 458 an
739 443 810 458 finaliter
824 443 874 459 simus
888 443 981 459 damnandi.

201 467 255 488 ipsos;
268 467 288 483 ab
300 467 336 483 aliis
348 471 412 488 quoque
424 467 504 483 contemni
519 471 578 487 nequa·
587 468 599 484 Β
606 467 711 483 Ambulamus
719 472 748 488 per
755 468 833 483 mnndum
842 468 890 483 istum
899 468 944 489 quasi
952 473 982 489 per

202 496 251 513 quarn
261 496 302 512 aegre
313 491 388 507 feramus.

221 516 285 535 Quarto,
293 516 313 532 ad
325 516 369 532 idem
380 516 422 532 valet
432 516 538 532 consideratio
549 516 579 531 im-

202 541 306 562 perfectionis
318 540 476 561 defectuositatisque
489 542 546 556 nostras
561 540 577 556 in

201 565 248 582 donis
259 565 313 586 gratias
324 570 342 581 ao
352 565 430 581 virtutum
441 567 457 581 et
468 565 514 581 bonis
526 565 578 586 operi-

202 590 237 606 bus.
247 590 288 606 Eece
299 590 335 606 dato
345 590 387 610 quod
398 589 449 605 simus
460 589 476 605 in
487 590 552 605 caritate
562 592 578 605 et

201 615 257 636 gratia,
269 616 362 635 ceterasque
374 614 461 630 babeamus
473 614 545 633 virtutes,
556 616 578 630 ta-

202 644 240 655 men
246 643 295 660 quam
304 638 398 659 imperfeota
408 640 445 654 sunt
451 638 579 659 supernaturalia

202 664 244 680 dona
251 664 282 679 ista
289 663 306 679 in
314 663 366 682 nobis,
372 668 421 684 quam
429 663 474 683 longe
482 668 491 678 a
498 668 536 679 vera
543 668 579 684 per-

201 688 272 704 fectione
286 688 370 706 distamus,
382 692 430 708 quam
444 687 488 708 pigre
501 689 517 703 et
530 687 579 708 negli-

202 715 258 734 genter
272 713 334 728 utimur
346 712 379 732 eis3
391 714 431 733 quot
442 712 577 731 distractionibus,

203 737 317 756 irreverentiis,
322 737 415 758 phantasiis,
419 736 548 752 simulationibus
556 737 579 752 in-

606 496 681 512 campum
691 492 779 508 latronibus
789 492 855 513 plenum
865 492 882 508 in
892 497 924 513 quo
934 493 982 514 pauci

606 516 680 535 evadunt,
685 518 701 532 et
708 516 754 537 quasi
762 521 791 537 per
798 521 842 533 mare
850 517 955 538 procellosum
964 517 981 533 in

606 545 638 561 quo
646 541 771 557 innumerabiles
779 543 851 562 pereunti
860 541 904 557 Unde
911 546 949 562 ergo
956 547 982 557 su-

606 565 679 586 perbis,o
686 565 743 581 bomo?
751 570 780 581 cur
787 567 848 581 tumes?
854 571 882 582 cur
889 568 943 582 erecto
950 566 982 582 col-

606 590 622 605 lo
631 592 647 605 et
657 590 746 606 contumaci
757 590 804 606 corde
814 590 886 606 incedis!
894 595 923 606 cur
932 591 982 607 stulta

606 615 691 630 securitate
702 616 718 630 te
728 614 776 633 fallis,
783 615 812 635 qui
822 617 845 631 tot
854 615 930 636 peccatis,
939 616 981 636 peri-

606 639 647 655 culis
658 639 758 660 miseriisque
768 639 839 660 repletus
848 640 874 655 est
881 640 937 656 Nonne
945 640 981 656 ideo

606 664 682 684 quoniam
692 663 806 680 obtenebratus
816 669 833 680 es
844 664 897 683 corde,
905 667 922 680 et
931 669 981 681 excae-

606 688 648 704 cavit
655 690 671 704 te
678 688 739 704 malitia
748 690 796 709 atque
803 688 870 704 stultitia
880 690 917 705 tuai
925 689 981 705 Nonne

606 713 696 733 periculum
706 714 752 728 tuum
762 715 786 728 est
796 713 921 734 irrecuperabile
929 716 944 729 et
952 714 981 729 im-

606 738 691 753 mensum!
703 737 758 753 Merito
769 737 831 761 ‘clamat
842 738 925 754 Psalmista
938 743 942 754 :
956 739 981 754 Fi-

203 762 313 783 ordinatisque
320 761 390 777 motibus
398 761 477 782 permixta
486 763 523 777 sunt
530 765 579 782 opera
586 762 597 778 C
606 761 624 777 lii
637 762 726 781 hominum,
739 767 823 783 usquequo
835 763 879 783 gravi
892 763 951 779 corde!
963 765 981 779 ut

203 787 246 803 bone
255 791 291 807 qum
301 786 375 804 facimus,
383 786 416 802 imo
426 788 442 802 et
452 786 536 805 orationes,
547 791 578 802 me-

202 811 287 828 ditationes
302 816 320 827 sc
335 811 389 826 laudes
404 810 462 831 quibus
477 811 509 826 Deo
522 815 578 827 vacare

202 836 281 852 videmur.
291 836 352 854 Nonne,
362 835 404 851 sicut
413 835 461 851 isaias
471 835 548 856 propheta
556 838 578 851 te-

203 863 258 879 statur,
266 860 313 881 quasi
321 865 383 881 pannus
391 862 492 876 menstruatis
499 861 537 875 sunt
544 860 579 875 uni-

202 890 252 902 versae
259 885 325 906 justitias
333 885 401 900 nostraei
408 885 442 900 Imo
451 884 497 900 donis
505 884 533 900 Dei
542 889 578 905 quas

202 909 287 926 animabus
300 909 358 925 nostris
369 909 437 929 gratiose
450 909 514 928 infudit,
527 911 578 925 tantas

202 934 313 955 negligentias,
326 933 432 954 evagationes,
444 933 522 954 pigritias,
535 933 578 949 dese-

202 959 294 975 ctuositates
304 958 396 976 miscemus,
404 958 447 978 quod
456 958 476 973 de
486 958 532 974 bonis
542 963 578 979 quaa

202 984 270 1004 agimus,
279 983 329 1004 magis
340 982 428 998 habeamus
439 983 528 998 contristari
540 983 578 1004 quia

202 1010 226 1024 tot
233 1008 275 1024 mala
281 1008 305 1023 eis
312 1007 455 1028 inserimus,quam
463 1007 527 1027 gloriari
535 1007 577 1028 quod

202 1038 222 1049 ea
229 1032 318 1049 effecimus.
324 1032 364 1048 Nam
371 1034 387 1047 et
395 1031 472 1052 quidquid
480 1031 518 1047 boni
527 1032 543 1047 in
551 1036 578 1048 no-

202 1085 229 1098 tur
240 1082 288 1099 Isaias
298 1086 302 1097 ἱ
311 1081 367 1097 Omnia
379 1085 428 1102 opera
439 1083 492 1096 nostra
504 1083 578 1101 operntus

202 1112 220 1123 es
229 1107 246 1123 in
256 1106 311 1127 nobis3
319 1106 390 1127 itemque
401 1105 485 1126 Apostolus
493 1110 497 1121 τ
505 1105 547 1121 Deus
554 1107 578 1121 est

202 1132 230 1152 qui
242 1133 318 1152 operatur
327 1131 344 1147 in
355 1130 401 1147 vobis
413 1130 454 1146 velle
466 1132 482 1146 et
493 1130 576 1151 perficere.

202 1156 231 1173 Cui
238 1160 276 1177 ergo
284 1155 345 1172 similes
353 1155 467 1174 sumus,etiam
475 1155 514 1170 dum
522 1155 537 1170 in
545 1159 579 1175 gra-

201 1181 224 1197 tia
235 1186 296 1200 sumus,
307 1180 338 1196 nisi
349 1180 410 1196 homini
420 1179 494 1200 improbo
505 1179 533 1200 qui
544 1179 578 1200 pul-

202 1206 241 1222 chro
248 1206 314 1222 vasculo
321 1205 392 1221 balsamo
397 1205 458 1225 optimo
464 1204 511 1225 pleno
517 1204 549 1219 sibi
557 1204 577 1220 eb

201 1231 256 1252 aliquo
265 1230 390 1248 accommodato,
401 1229 441 1245 viles
450 1234 469 1245 aa:
480 1231 535 1249 turpes
547 1228 577 1244 mi-

201 1258 235 1272 seet
247 1255 326 1273 materias,
340 1256 357 1270 ut
369 1256 438 1270 stercora
450 1255 466 1269 et
477 1254 543 1269 urinas?
555 1253 578 1269 Si-

201 1281 267 1302 quidem
279 1279 344 1296 vascula
358 1279 426 1300 pretiosa
438 1280 476 1302 sunt
490 1278 537 1294 eorda
550 1282 577 1293 no-

201 1308 239 1324 stra,
244 1305 303 1326 quibus
311 1305 353 1320 Deus
360 1304 427 1320 virtutes
434 1308 453 1319 ao
460 1303 501 1319 dona
509 1303 577 1324 Spiritus

201 1330 260 1349 Sancti,
267 1332 344 1350 tauquam
354 1328 472 1345 nobilissimum
479 1328 575 1347 balsamum,

605 787 644 807 quid
652 787 718 809 diligitis
725 787 817 806 vanitatem,
827 789 843 803 et
853 788 924 808 quaeritis
935 793 981 804 men-

606 811 669 827 dacium
674 812 680 827 1

625 835 649 851 Ad
657 836 699 851 idem
706 836 760 852 valent
769 838 785 852 et
792 836 827 852 alias
837 836 981 857 considerationes,

606 860 634 876 sed
644 865 664 876 ne
674 865 726 876 sermo
736 860 762 876 hic
772 861 841 876 nimium
851 861 951 880 extendatur,
959 861 981 877 al-

606 885 635 900 teri
646 885 716 901 sermoni
729 885 863 901 considerationes
875 885 907 902 illas
918 891 982 902 serven—

605 912 636 925 tur.
645 909 665 925 Et
675 914 695 925 ex
707 909 810 930 prasinductis
821 910 981 929 considerationibus,

606 934 626 950 ad
638 934 686 950 totius
701 934 780 955 superbias
795 934 849 950 odium
865 939 981 955 provocemur;

606 959 649 974 intus
658 963 711 974 coram
721 959 753 974 Deo
765 961 781 974 et
790 959 829 974 foris
840 963 893 975 eoram
904 960 981 980 proximis

605 987 634 999 nos
646 983 729 998 humiliter
739 983 826 999 habeamus
837 984 853 999 in
863 983 923 1002 verbis,
932 984 948 1000 in
959 984 981 1000 fa-

606 1008 641 1026 ctis,
656 1007 672 1023 in
687 1008 745 1023 vestitu
759 1012 777 1023 ac
792 1008 869 1027 moribus,
881 1009 981 1025 attendentes

991 398 1056 411 lechum

605 1032 648 1053 quod
656 1032 672 1048 in
680 1032 791 1048 Ecclesiastico
798 1033 876 1053 scriptum
885 1035 914 1051 est,
922 1033 957 1049 Noli
965 1035 981 1049 te
987 1040 1055 1052 ennias,

202 1057 228 1074 bis
239 1059 268 1076 est,
277 1057 309 1073 Deo
319 1058 343 1072 est
353 1056 482 1075 adscribendum,
490 1056 516 1072 cui
528 1056 578 1077 loqui·
585 1058 598 1074 1)
605 1056 681 1072 extollere
693 1057 708 1072 in
721 1057 794 1072 faciendo
805 1061 853 1077 opere
865 1059 902 1077 tun,
910 1060 927 1073 et
938 1058 981 1078 quod

606 1081 658 1097 denuo
665 1081 687 1097 ait
695 1081 781 1102 Scriptura,
789 1081 823 1097 Non
832 1084 847 1097 te
857 1082 923 1098 extollas
931 1082 946 1098 in
955 1087 981 1098 co—

605 1106 681 1126 gitatione
692 1108 719 1121 tua
729 1106 773 1121 velut
783 1108 843 1122 taurus,

629 1130 700 1151 Denique
714 1130 764 1146 sancti
773 1130 806 1146 ‘viri
820 1132 836 1146 et
848 1130 980 1147 illuminatissimi

605 1155 658 1170 Patres
673 1154 779 1170 humilitatem
794 1155 917 1175 diligentissime
930 1157 981 1172 custo-

605 1179 675 1198 dierunt,
683 1184 747 1195 omnem
757 1179 841 1195 elationem
853 1182 869 1196 et
878 1180 945 1200 gloriam
955 1186 981 1197 va-

606 1209 643 1220 nam
658 1204 761 1224 integerrime
772 1204 866 1220 devitantes.
879 1205 923 1221 Unde
935 1206 982 1221 tertio

606 1229 647 1245 libro
659 1229 766 1250 Vitaspatrurn
780 1229 848 1244 habetur
860 1234 864 1245 z
876 1229 942 1245 Audivit
954 1230 982 1246 ali-

606 1254 669 1274 quando
678 1254 727 1274 judex
735 1254 821 1274 provincia
829 1254 849 1269 de
858 1254 915 1270 abbate
923 1255 981 1276 Moyse,

605 1280 621 1294 et
629 1278 698 1299 perrexit
705 1278 725 1294 ad
735 1283 807 1294 eremum
816 1280 834 1294 ut
842 1283 879 1294 eum
888 1279 953 1295 videret.
962 1280 982 1295 Et

605 1303 719 1319 nuntiaverunt
730 1303 796 1324 quidam
809 1303 843 1318 seni
858 1303 881 1319 illi
895 1303 949 1320 abbati
961 1304 981 1320 de

604 1328 673 1343 adventu
683 1328 747 1348 judicis,
756 1328 856 1348 surrexitque
867 1332 915 1345 senex
927 1330 945 1345 ut
956 1329 981 1346 fu·

993 1087 1026 1098 lau.
1031 1091 1046 1098 η
1050 1088 1055 1098 2
1067 1088 1068 1092 ¹
