1079 1569
24 325 69 336 νειμ.

22 819 68 831 roma.

288 129 362 141 ooumca
372 129 460 141 ΡΔῙ-ἊΔΙΠΙ.
470 133 490 136 —
500 129 550 141 §mo
560 129 623 141 mm!

825 125 855 141 509

77 172 151 188 iuvenies
162 172 213 188 illum.
222 172 273 191 Quum
285 172 329 187 euim
340 172 357 187 in
367 172 394 187 via
404 171 453 187 virtu<
461 172 474 188 Α
481 171 555 192 percutit,
564 172 627 192 quando
635 172 709 193 exemplo
716 174 747 188 tuas
755 172 819 188 virtutis
829 177 855 188 me

77 199 112 212 tum
127 201 159 213 non
174 197 247 217 progredi
263 197 284 212 sit
296 196 363 217 regredi,
376 196 453 212 debemus

76 221 149 242 quotidie
157 221 173 237 in
181 221 246 237 caritate
253 223 269 237 et
276 221 360 237 devotione
369 221 452 241 prolicere,

76 247 126 266 atque
137 246 154 261 in
165 246 228 262 actibus
240 245 287 261 bonis
299 246 336 266 plus
348 245 394 261 solito
404 245 454 261 abun-

77 270 121 288 dare,
137 272 153 286 et
168 275 269 291 nequaquam
286 272 372 291 tepescere,
388 270 454 290 Propter

77 295 121 315 quod
132 295 202 311 secunda
212 295 232 310 ad
242 295 343 311 Timotheum
356 295 378 310 ait
388 294 453 315 Aposto-

78 319 103 335 lus
110 320 201 335 :Admoueo
209 321 224 335 te
232 322 249 335 ut
258 320 343 335 resuscites
350 319 417 340 gratiam
425 319 453 334 Dei

77 349 114 365 quae
124 346 148 360 est
158 345 174 360 iu
185 346 205 360 te.
214 344 230 360 Si
240 349 278 364 ergo
288 344 341 359 taliter
350 348 453 360 occurremus

77 369 146 387 Christo,
157 369 191 389 ipse
203 369 271 384 libenter
282 371 298 384 et
308 369 376 389 gratiose
389 368 454 384 intrabit

76 398 105 409 cor
120 395 198 412 nostrum,
213 395 229 409 et
244 398 273 414 per
286 394 340 414 gratim
355 393 454 409 incrementa

76 417 157 433 habitabit
167 418 184 433 in
195 417 245 433 nobis.

97 442 176 463 Deinceps
187 447 216 463 per
226 442 277 458 olivas
288 442 392 463 designantur
403 441 454 457 homi-

480 196 500 212 ad
515 196 581 212 meliora
594 197 676 216 accendis3
689 198 705 212 et
716 197 741 212 ala
753 201 788 213 mea
802 197 855 217 proxi-

481 225 525 236 mum
536 220 582 239 ferio,
593 221 607 236 si
618 221 633 236 ei
644 226 684 242 opus
696 221 756 237 bonum
766 221 809 242 quod
820 221 855 237 irni-

481 247 528 263 tetur,
536 245 606 261 ostendo,

500 269 637 288 Quemadmodum
646 270 690 286 enim
700 270 713 286 is
724 271 751 291 qui
763 271 779 286 iu
789 275 855 291 conspe-

481 296 507 310 ctu
515 294 571 315 populi
579 294 620 310 male
628 295 665 315 agit,
673 297 751 315 quantum
758 295 775 310 iu
783 295 818 315 ipso
826 297 855 313 est,

481 321 504 334 tot
511 319 569 334 occidit
576 324 585 334 a
592 321 631 340 quot
638 319 733 339 attenditur;
739 319 761 335 ita
767 319 793 340 qui
802 324 856 335 eoram

481 343 516 359 aliis
530 343 643 364 exemplariter
657 346 764 363 conversatur,
777 346 855 365 quantum

481 368 498 383 in
509 368 545 388 ipso
555 370 579 383 est
590 372 617 384 eos
631 368 736 389 spiritualiter
746 368 818 384 vivificat
829 370 856 384 aut

481 392 546 413 perficit
556 397 566 408 a
576 392 636 413 quibus
646 393 750 414 conspicitur,
758 393 810 414 fitque
821 398 856 414 par-

481 417 532 438 ticeps
540 417 612 433 omnium
623 417 701 433 bonorum
709 423 745 438 quae
753 422 773 433 ex
783 423 812 433 sua
820 418 856 434 imi-

481 442 541 457 tatione
552 444 634 462 gematur.
647 442 730 463 Propterea
742 442 781 458 dicit
792 442 856 458 (lassari-

76 472 106 483 nes
114 467 151 483 vitm
158 467 300 488 activae,operibus
309 467 422 482 misericordia
429 467 454 482 de-
463 467 475 483 B
483 471 501 482 us
512 470 516 482 z
526 466 591 485 Quantis
603 467 695 488 exemplum
708 472 749 483 veras
760 467 856 483 humilitatis

76 492 106 507 diti
113 496 117 511 3
125 496 154 512 per
162 492 227 512 palmas,
235 496 271 512 quae
278 493 332 507 aestate
342 496 360 507 ac
370 491 423 507 bieme
431 491 453 507 vi-

76 516 195 535 rent,homines
200 516 326 537 contemplativi,
330 517 371 532 iuter
379 521 455 537 prospera

77 543 93 557 et
101 541 169 557 adversa
177 543 267 557 constantes
278 546 296 556 ac
308 541 339 557 laeti
353 541 369 556 in
381 541 453 557 Domino.

100 566 155 586 ltaque
169 565 189 581 ab
205 566 253 581 olivis
268 570 321 581 ramos
338 565 397 586 quibus
412 565 455 581 Chri-

78 592 122 606 stum
132 590 235 609 honoremus,
243 592 326 611 arnputare
333 590 416 608 debemus,
424 590 454 606 hoc

77 617 108 633 est,
117 614 159 631 bona
168 615 242 636 exempla
251 615 271 631 ab
282 615 375 631 hominibus
384 615 421 631 vitas
430 620 455 630 ac-

77 640 121 658 tivae,
132 640 246 655 misericordias
257 639 319 655 actibus
329 640 417 660 occupatis,
430 644 455 655 ac-

77 664 138 685 cipere,
152 666 169 680 ut
183 664 246 680 illorum
261 664 341 685 exemplo,
354 664 375 680 iu
389 669 455 684 agamus

77 689 157 710 proximis
172 689 214 705 sicut
228 689 274 705 uobis
289 689 405 705 rationabiliter
418 689 454 705 fieri

77 714 159 732 volumus,
167 716 195 729 aut
205 714 284 729 vellemus
296 714 310 729 si
323 714 339 729 iu
351 713 415 729 illorum
427 719 454 729 ne-

77 738 152 754 cessitate
164 740 180 754 et
192 740 234 754 statu
247 743 324 754 essemus⁴
335 738 393 759 sicque
406 743 454 759 opera

482 493 498 506 et
505 491 580 511 perfecta)
588 491 659 507 caritatis
667 493 695 507 aut
703 491 770 507 aliarum
777 492 855 508 virtutum

482 515 575 534 ostenderis,
584 521 621 532 cum
628 516 676 532 tantis
684 518 700 532 et
707 521 736 537 pro
743 516 790 532 tantis
797 519 856 533 interna

482 540 548 561 praemia
558 541 652 561 possidebis.
660 541 700 557 flinc
711 541 734 557 ait
744 542 856 557 reverendissi-

483 570 518 581 mus
530 567 578 586 atque
589 565 714 586 gloriosissimus
724 566 802 582 Eusebius
815 566 856 582 Emi-

482 595 530 605 senua
543 594 547 605 z
560 590 645 606 Benedicta
656 590 688 606 Deo
703 590 730 606 illa
744 591 798 607 anima
809 591 856 612 cujus

482 614 565 630 humilitas
579 615 648 635 proximi
660 615 744 631 contundit
757 615 855 636 superbiam,

482 639 529 659 cujus
541 639 617 660 patientia
629 639 698 660 proximi
710 640 797 660 exstinguit
810 640 855 659 iram,

482 664 529 684 cujus
540 664 631 679 obedientia
642 664 722 685 pigritiam
734 665 799 681 alterius
808 665 856 681 tacite

482 690 529 709 atque
539 690 600 704 secreto
610 688 687 709 increpat,
695 689 741 709 cujus
752 689 805 705 fervor
815 690 856 705 iner-

482 713 520 728 tiam
534 713 582 728 alieni
594 713 663 734 torporis
675 714 765 729 exsuscitat„
778 714 856 730 Curemus

482 737 530 758 igitur
537 737 636 758 exemplares
646 742 681 753 esse
691 738 783 754 huminibus
793 739 855 754 cunctis

77 763 198 781 misericordiae,
212 765 243 778 tam
258 763 349 784 spiritualia
361 767 409 783 quam
421 767 454 778 cor-
463 764 474 779 c
481 762 500 778 ad
508 762 536 778 Dei
546 762 622 778 honorem
632 765 647 778 et
655 762 719 778 illorum
729 763 802 782 salutem,
811 764 855 779 omui

77 788 177 809 poralia,pro
184 792 231 808 posse
238 788 320 803 caritative
327 790 375 808 atque
383 788 454 803 hilariter

77 817 186 828 exerceamus*
194 812 263 828 Hilarem
271 812 315 828 enim
324 812 395 828 datorem
402 812 454 832 diligit

77 838 126 853 Deus,

97 862 119 878 At
128 866 166 877 vero
179 866 231 877 ramos
243 861 332 882 palmarum
344 861 453 877 abscindimus

76 888 93 902 et
101 886 164 902 Christo
171 886 235 902 obviarn
243 886 339 906 bajulamus,
347 886 386 901 dum
396 886 416 901 ab
426 886 453 902 ho-

77 911 151 927 minibus
159 911 288 931 contemplativis
295 910 368 931 exempla
376 911 453 926 virtutum

75 935 182 956 suscipimus,
194 935 258 951 illorum
271 935 345 955 exemplo
360 935 379 951 ad
392 935 454 951 interna

76 960 155 976 exercitia
170 964 198 976 nos
214 960 296 979 donantes,
309 960 370 976 devotis
389 960 453 976 medita-

76 985 155 1003 tionibus,
164 985 230 1000 tervidis
238 984 342 1003 orationibus,
348 985 425 1000 amorosis
432 984 454 1000 at'-

76 1009 154 1028 sectibus,
170 1009 237 1025 sinceris
253 1009 415 1030 contemplationibus
430 1009 454 1025 in-

64 1047 68 1049 .
76 1034 156 1052 sistendo,
169 1034 218 1049 instar
231 1033 284 1049 Μαι-ἰῶ
296 1033 386 1054 Magdalene
401 1038 454 1049 coram

481 787 550 803 vanitate
561 787 631 805 exclusa,
641 792 691 808 quum
703 788 719 803 iu
730 788 802 804 Matthaeo
813 788 855 804 dicat

481 812 553 827 Salvator
561 816 564 828 :
573 811 599 827 Sic
609 811 661 827 luceat
669 812 696 827 lux
703 814 756 828 vestra
765 817 818 828 coram
828 813 855 829 ho-
868 820 912 831 aaut*
917 824 928 833 v.

482 836 558 854 minibus,
567 838 584 851 ut
592 836 657 852 videant
666 841 714 857 opera
722 839 775 853 vestra
784 837 831 856 hona,
839 840 855 853 et
862 836 878 846 ¹¹¹·

481 861 572 881 glorificent
583 861 644 876 Patrem
657 863 727 877 vestrum
739 862 768 882 qui
781 862 797 878 iu
810 862 855 878 coelis

481 887 510 901 est.
518 885 551 901 Boc
562 885 581 901 sit
591 885 630 901 dum
643 885 751 902 misericordia
762 888 828 907 apparet
838 887 855 903 in

481 910 547 929 effectu,
555 910 645 930 benignitas
656 910 672 925 in
683 910 734 929 vultu,
744 911 826 927 humilitas
838 911 855 927 in

481 934 542 953 habitu,
551 935 628 950 modestia
639 934 654 950 in
666 935 787 954 cohabitatione,
796 936 856 956 patien-

481 959 504 975 tia
513 960 529 975 in
539 959 647 977 tribulatione,
656 959 712 975 caritas
723 960 750 976 Dei
760 962 776 976 et
786 961 855 981 proximi

482 984 498 1000 in
510 984 629 1000 conversatione
640 984 689 1000 totali*

501 1009 661 1029 Priaterea,quoniam
669 1009 741 1025 Christus
748 1009 774 1025 die
781 1010 812 1026 isto
819 1015 856 1026 cum

482 1033 594 1049 solennissima
604 1033 705 1054 processione
713 1034 729 1049 iu
736 1034 824 1050 Jerusalem
831 1037 856 1051 est

76 1058 148 1075 Domino
154 1059 191 1074 lesu
201 1058 275 1076 sedendo,
284 1060 300 1073 et
308 1058 347 1078 quid
358 1058 392 1079 ipse
401 1058 417 1074 in
428 1063 455 1074 no-
462 1060 475 1076 Ι)
482 1058 565 1076 deductus,
579 1058 638 1074 idcirco
650 1058 721 1074 Ecclesia
736 1059 783 1074 hodie
795 1059 815 1075 ad
827 1060 855 1075 Dei

57 1088 60 1091 ⁴
76 1083 104 1099 bis
116 1083 189 1103 loquatur
199 1087 228 1103 per
235 1082 308 1098 divinum
319 1082 418 1101 instinctum,
426 1087 455 1103 per

75 1108 167 1128 angelicam
182 1107 309 1128 inspirationem,
322 1111 351 1127 per
366 1107 454 1128 Scriptura-

75 1137 115 1148 rum
126 1132 210 1148 lectionem
219 1133 246 1147 aut
254 1131 379 1150 meditationem,
388 1131 454 1147 aflectu-

73 1157 152 1173 osissirue
159 1156 243 1172 audiendo.
249 1156 281 1172 Hoc
289 1156 345 1176 utique
352 1156 399 1172 modo
407 1156 453 1172 electi

74 1184 92 1198 et
105 1181 173 1197 virtuosi
185 1186 202 1197 se
215 1183 271 1196 mutuo
283 1185 312 1201 per
324 1180 382 1196 bonam
394 1181 453 1196 samam

73 1206 219 1227 exemplaremque
231 1206 280 1221 vitam
292 1205 354 1225 juvant,
365 1205 454 1221 confortant

73 1234 92 1247 et
108 1231 184 1249 excitant,
199 1230 262 1246 dicente
277 1230 352 1250 Gregorio
365 1234 369 1245 2
382 1230 454 1246 Volantia

73 1255 155 1272 animalia
167 1255 259 1275 frequenter
271 1259 288 1270 se
300 1254 361 1270 feriunt
372 1254 402 1270 alis
414 1255 453 1273 suis,

73 1281 118 1302 quia
128 1280 207 1296 bonorum
218 1281 279 1295 mentes
289 1279 306 1295 in
316 1283 335 1295 ee
346 1279 388 1300 quod
399 1284 453 1300 super-

74 1311 99 1322 na
108 1307 192 1326 appetunt,
198 1304 301 1320 consideratis
310 1304 379 1320 invicem
389 1304 454 1320 alterius

74 1329 167 1347 virtutibus
179 1329 274 1345 excitantur*
287 1328 316 1344 Ala
330 1328 373 1344 euim
386 1331 413 1344 tua
428 1333 453 1344 me

481 1082 554 1103 gloriam,
563 1082 681 1103 processionem
689 1082 727 1098 facit
737 1083 830 1099 solennem:
839 1084 855 1100 in

482 1112 513 1127 qua
521 1112 558 1123 cum
567 1107 636 1128 puniatis
645 1107 755 1128 spiritualibus
762 1112 780 1123 ac
788 1108 855 1124 internis

481 1131 564 1147 ornatibus
577 1132 651 1147 incedere
663 1132 722 1148 debent
734 1132 854 1149 christifideles*

481 1156 499 1172 In
508 1161 540 1176 qua
549 1156 596 1172 etiam
604 1156 679 1172 versiculi
690 1157 721 1175 isti,
730 1157 787 1176 Gloria,
797 1157 831 1173 laus
839 1160 856 1174 et

481 1181 537 1200 honor,
550 1183 586 1199 etcr,
599 1181 657 1197 clausis
670 1181 721 1197 solent
732 1182 786 1202 januis
797 1182 855 1198 decan—

481 1206 515 1221 tari<
527 1206 576 1226 Cujus
589 1206 628 1221 ratio
641 1206 713 1222 litteralis
725 1208 754 1225 est,
768 1207 810 1227 quod
823 1207 855 1228 pri·

481 1235 508 1246 mo
515 1230 580 1246 luerunt
587 1230 665 1246 decantati
673 1235 682 1246 a
690 1231 748 1247 clauso.
757 1231 854 1247 Theodulfus

481 1260 550 1275 namque
557 1255 676 1271 Aurelianensis
683 1255 772 1276 episcopus,
776 1256 818 1277 apud
826 1256 855 1272 Lu-

481 1280 555 1295 doricum
562 1279 671 1300 imperatorem
678 1280 709 1296 fuit
716 1280 736 1296 ab
743 1281 805 1296 zemulis
813 1286 855 1297 men·
882 1285 884 1287 ’

480 1305 541 1320 daciter
552 1306 634 1320 accusatus
645 1309 648 1320 z
659 1307 723 1325 propter
734 1305 776 1326 quod
788 1305 808 1321 ab
819 1306 854 1326 ipso

481 1329 576 1350 imperatore
587 1329 603 1345 iu
614 1329 685 1345 custodia
694 1329 782 1350 Audegavis
793 1332 817 1346 est
826 1335 853 1352 po-
