1079 1569
154 127 228 139 ΜΙῘΜΕΛ
239 127 244 139 1
255 127 292 139 PosT
301 127 404 139 nnivruffl
415 127 479 139 mmsn.
489 132 509 135 —
519 127 541 139 Ab
550 127 648 143 ffllfllowfl;
659 127 709 139 fimo
719 127 775 139 smil!

820 122 849 139 ¹37

92 169 166 191 Denique
173 170 230 186 horum
238 170 363 191 irreligiosorum
371 170 450 191 religioso-
456 170 469 186 A
477 170 586 191 perobiliores,
597 175 647 191 quum
659 170 691 186 sint
701 170 743 186 inter
754 170 824 189 dovuws,
835 171 851 185 et

78 199 118 213 rurn,
127 197 182 215 utpote
193 195 291 216 professione
299 197 314 211 et
321 195 376 211 habitu
387 195 450 216 religio-

78 223 136 238 sorum,
145 219 264 235 conversatione
271 224 310 235 vero
319 219 449 240 irreligiosorum,

78 244 136 264 duplex
148 246 173 260 est.
184 244 242 265 gradus
257 249 275 260 ae
289 249 370 260 numerus*
383 244 449 263 Quidam

78 268 119 284 euim
128 271 166 284 sunt
172 269 257 285 mnnifeste
264 269 335 290 collapsi,
340 269 429 288 del'onnati,
434 271 450 284 et

78 297 141 314 prorsus
149 293 256 314 irregulariter
263 296 380 312 conversantes,
385 294 412 314 qui
420 298 450 309 nec

78 317 188 334 substantialis
201 318 256 334 Ordini
272 322 302 334 suo
315 318 406 336 observant,
421 318 449 333 sed

78 342 159 358 evidenter
166 345 203 358 sunt
211 342 345 363 proprietarii,aut
352 343 449 363 etiam,quod

78 366 128 387 pudor
140 368 164 383 est
175 367 234 386 dicere,
248 367 364 383 incontinentes
378 367 412 383 sive
426 371 449 383 re-

78 391 127 408 belles
140 396 144 407 :
156 396 225 412 quorum
237 392 318 408 damnatio
329 391 414 408 manifeste
426 394 450 408 est

77 418 123 437 alque
134 416 233 437 gravissima,
243 421 294 437 quum
306 421 347 438 pene
359 417 375 432 in
388 417 450 433 cunctis

78 445 111 461 qum
118 443 173 461 agunt,
182 443 237 457 contra
244 443 280 457 vola
289 446 318 457 sua
325 446 371 462 agere
378 445 450 462 compro-

476 197 508 211 tam
521 200 530 211 s
543 195 637 216 presidente
650 200 697 216 quam
709 200 718 210 a
730 195 806 210 fratribus
820 194 850 210 fre-

477 222 544 240 quenler
554 220 669 235 admoneantur
679 222 727 240 atque
738 219 849 240 corripiantur,

477 244 593 265 probitatisque
608 244 658 259 multa
673 244 744 265 quotidie
759 243 850 259 intueantur

477 268 555 289 exempla.
564 269 576 284 Α
585 268 664 289 principio
672 273 736 289 quoque
745 273 778 284 suae
785 272 850 284 conver-

477 293 527 309 sionis
538 293 579 309 bene
590 295 627 309 sunt
638 293 711 309 instituti.

497 318 575 338 Deinceps
585 318 640 333 miseri
650 318 676 334 isti
685 318 715 334 etsi
725 322 791 338 corpore
801 317 850 333 conti-

477 344 530 361 neant,
542 347 572 358 nec
583 342 652 358 habeant
662 342 732 363 propria,
742 342 817 363 turpibus
829 344 850 358 ta-

477 371 514 382 men
522 367 644 387 cogitationibus
652 367 710 388 sapius
718 366 826 385 involvuntur,
834 369 851 382 et

477 391 583 407 inordinatius
592 393 640 413 atque
652 391 729 407 intensius
739 391 759 407 ad
771 396 820 412 parva
832 396 850 407 ac

477 416 515 432 vilia
522 416 546 432 eis
553 416 572 432 ad
583 416 660 432 utendum
668 421 743 432 concesse
750 416 849 434 efficiuntur,

477 446 525 462 quam
535 441 619 457 saeculares
629 441 716 462 locupletes
723 441 742 456 nd
751 445 808 461 magna
814 445 850 461 quie

78 465 139 481 rentur.
148 465 232 486 Quumque
240 466 330 482 secundum
337 466 415 485 doctores,
423 470 449 482 vo·
458 467 470 483 B
478 466 560 486 possident
568 470 571 481 :
580 470 612 482 non
619 466 663 482 enim
671 466 721 486 ipsam
730 465 818 486 exstirpant
825 470 851 481 eu-

78 491 109 505 tnm
117 490 175 506 fortius
182 490 242 510 obliget
249 495 297 511 quam
304 490 450 511 juramentum,po-

77 514 154 530 tissimum
162 517 217 530 votum
225 514 296 534 solenne,
301 515 400 531 concluditur
407 515 449 536 quod

78 539 102 554 isti
110 539 180 560 perjuris
189 542 226 555 sunt
233 540 320 556 deteriores
328 544 332 555 z
340 540 373 555 ime
381 540 397 555 in
404 540 449 555 omni

77 565 112 579 actu
124 568 157 584 quo
167 564 263 585 proprietate
274 566 341 580 utuntur
351 566 379 580 aut
388 564 449 585 aliquid

77 593 141 604 suorum
153 589 291 609 transgrediuntur
302 591 381 607 votorum,
389 589 405 604 in
415 593 449 609 gra-

78 612 110 628 vius
118 613 180 629 crimen
188 613 264 629 labuntur
271 618 319 634 quam
327 613 347 629 sit
355 613 408 634 ipsum
416 618 449 634 per-

76 637 141 657 jurium.
151 637 235 658 Quumque
248 638 264 653 in
277 638 304 653 tali
315 638 348 653 vita
358 638 383 653 vel
396 638 449 658 potius

77 664 126 677 morte
136 662 215 678 manendo
225 662 306 678 eelebrent
316 662 349 678 sive
360 662 448 678 eommuni-

77 688 117 705 eent,
129 689 158 702 aut
171 687 232 708 qumvis
246 689 345 703 sacramente
356 687 449 708 dispensent

76 713 102 726 aut
109 713 182 730 tnetent,
188 714 250 727 constet
257 712 299 732 quod
307 712 449 732 supergravissime

76 738 167 757 peccenl,et
174 738 207 757 tola
214 740 269 752 eorum
277 736 310 752 vita
317 738 341 752 est
347 736 393 757 quusi
401 736 450 757 quod-

76 762 112 777 dam
123 766 189 782 peecare
200 761 300 777 continuum.

95 786 126 802 Alii
136 791 174 802 vero
185 788 222 802 sunt
233 786 260 806 qui
274 785 290 801 in
301 785 450 806 congregationibus

76 813 113 827 suut
124 810 186 826 devotis
198 812 214 826 et
225 810 300 826 domibus
311 810 330 826 de
342 810 448 829 observantia,

76 836 103 851 ubi
114 836 134 851 ad
145 835 199 851 minus
211 834 323 851 substantialia
333 834 406 855 religioni
417 839 449 851 ser-

75 862 137 879 vantur,
146 862 162 876 et
173 860 239 880 plurimi
251 864 289 875 vere
301 860 353 875 devoti
366 859 449 875 inveniun-

76 887 110 900 tur:
116 885 179 906 ipsique
187 884 237 900 nihilo
245 884 299 900 minus
306 884 405 905 negligentes
412 886 449 900 sunt

66 912 91 929 >et
98 909 160 925 remissi
170 914 189 925 ae
199 908 254 929 tepidi,
263 909 280 924 in
290 908 378 929 psalmodia
385 908 421 929 vsgi
430 913 449 924 ac

75 934 176 952 somnolenti,
190 934 206 949 in
219 933 265 949 Horis
277 933 354 952 distracti,
368 933 384 949 in
395 933 449 949 ohser-

75 959 138 975 vatione
145 958 205 974 silentii
213 958 250 976 laxi,
259 958 275 973 in
283 957 319 973 cibo
326 960 342 973 et
349 959 387 978 potu
395 963 449 978 super-

75 983 111 1002 flui,
119 983 138 998 ad
148 982 246 1003 surgendum
257 982 273 998 in
284 982 331 1003 pulsu
343 982 420 1003 plumbei,
429 982 449 998 lo-

75 1012 102 1023 ves
110 1008 127 1023 in
135 1007 212 1025 moribus,
221 1007 339 1023 visitationibus
348 1006 449 1022 saecularium

75 1037 103 1048 seu
117 1032 184 1048 aliorum
199 1031 292 1052 gaudentes,
305 1031 449 1047 consolatiunculas

477 490 567 511 piditatem,
577 490 598 506 ob
608 490 655 511 cujus
667 490 790 506 eradicationem
802 490 850 506 relin-

477 516 549 535 quuntur
561 515 639 531 exteriora
650 519 727 536 possessa.
737 515 764 530 His
776 519 814 535 ergo
824 519 851 530 ve-

477 539 560 555 hementer
570 539 670 555 formidanda
676 541 701 555 est
708 539 765 555 Christi
776 539 850 560 parabola

477 564 497 580 de
504 564 569 580 homine
577 564 604 585 qui
612 564 661 585 eoepit
668 564 753 582 aedificare,
761 568 791 580 nec
798 564 850 585 potuit
868 569 895 580 ι-ι,
901 572 922 582 m.

477 593 596 608 consummare3
602 591 618 604 et
624 589 667 609 quod
675 588 732 604 asserit
739 588 812 604 Salomon
821 593 825 604 :
833 588 850 604 Si

477 613 515 634 quid
523 613 581 629 vovisti
589 613 626 631 Deo,
635 618 655 629 ne
663 613 729 629 moreris
737 613 810 632 reddere;
819 612 850 628 dis-

477 637 526 658 plicet
536 638 580 653 enim
591 638 606 653 ei
617 638 665 653 stulta
675 640 692 653 et
702 637 773 653 infidelis
783 637 850 658 promis-

477 662 506 678 sio.
522 662 582 681 Quibus
597 662 650 678 verbis
665 662 741 678 doeemur
756 662 820 677 stultam
835 664 851 678 et

477 686 560 702 infidelem
572 691 607 702 esse
619 691 674 702 eorum
686 686 810 707 promissionem
822 686 850 707 qui

477 713 513 727 vola
523 716 552 727 sua
562 713 644 727 morentur
653 716 681 727 seu
691 711 769 727 differunt
779 711 849 727 reddere*

476 736 521 752 Tnles
532 737 585 751 eutem
597 738 634 751 suut
645 735 715 756 religiosi
725 735 758 756 jam
770 735 814 754 dieti,
823 735 850 756 qui

458 761 469 778 C
476 765 527 781 quum
536 765 556 776 ex
566 765 595 776 sua
605 760 696 781 obligentur
707 760 806 781 professione
816 765 850 781 per-

476 785 541 801 fectioni
549 785 613 801 studere
620 787 636 801 et
643 785 687 801 omni
695 785 721 801 die
728 785 812 806 proficere,
818 789 850 801 nen

476 812 550 830 satagunt
560 810 590 826 hoc
601 810 673 831 implere.

496 834 536 850 ilinc
544 834 566 850 sit
574 834 652 850 Eusebius
660 839 663 850 :
670 834 704 850 Non
712 834 759 850 nobis
766 834 850 850 credamus

476 858 552 875 sufficere
561 859 604 879 quod
615 863 644 874 nos
655 859 671 874 in
683 859 712 874 hac
722 859 781 877 schola,
789 858 851 874 scilicet

476 883 550 902 claustro,
559 883 640 899 cernimus
648 885 756 904 congregalos,
765 888 816 904 quum
823 888 850 899 ne—

476 908 560 928 gligentias
575 910 636 924 nostras
648 908 665 923 in
680 908 727 923 nobis
739 908 850 924 vehementius

476 932 548 953 professa
560 932 655 948 condemnet
669 932 747 953 perfectio
760 937 763 948 :
776 933 814 953 quia
827 937 850 948 se—

476 957 547 973 cundum
561 957 665 977 Seripturam,
677 957 705 977 qni
721 957 771 972 mulla
785 957 851 978 promit-

476 983 517 1000 tunt,
524 981 593 997 multum
601 986 666 997 necesse
674 983 698 997 esi.
706 983 786 1002 repetatur
793 981 813 997 sb
821 982 849 997 eis.

476 1006 488 1022 0
500 1006 564 1026 quantis
579 1006 654 1026 proderit,
667 1008 683 1021 et
695 1006 759 1027 quantis
771 1006 851 1022 contrario

476 1030 528 1046 oberit
535 1031 646 1051 opportunitas
657 1030 687 1046 loci
698 1030 745 1051 hujus
753 1033 769 1046 et
776 1035 850 1051 congrum

75 1061 123 1072 vanas
136 1058 230 1077 quaerenoes,
241 1056 257 1071 in
269 1056 375 1077 celebr-tione
387 1056 418 1071 rari
430 1060 448 1071 ac
456 1057 468 1072 D
476 1055 578 1071 habitationis
588 1055 660 1071 owasiol
669 1055 763 1071 Noverimus
773 1055 813 1071 nihil
823 1060 850 1071 no-

75 1081 154 1101 indevoti;
167 1085 197 1096 nec
209 1082 264 1096 contra
276 1081 310 1096 hezo
322 1080 363 1096 mala
375 1080 448 1101 proelium

74 1110 138 1121 sacrum
147 1107 236 1123 assumunt,
245 1105 272 1121 sed
281 1105 301 1121 de
310 1105 336 1121 die
346 1105 362 1120 in
372 1105 415 1121 diem
423 1110 448 1121 va-

74 1130 115 1146 dunt
122 1130 138 1146 in
146 1135 175 1146 sua
182 1129 314 1151 superficialitate
320 1131 336 1145 et
343 1129 447 1150 negligentia;

74 1159 104 1170 uec
115 1155 206 1176 passionum
217 1154 326 1170 reformationi
337 1154 407 1170 fideliter
417 1156 448 1170 stu-

74 1179 118 1197 dent.
124 1184 153 1195 nec
161 1179 226 1200 puritati
234 1179 305 1197 internae,
312 1184 341 1195 nec
349 1179 448 1200 compuncti-

74 1204 107 1222 oni,
115 1208 144 1220 nec
152 1204 224 1220 interiori
231 1204 312 1222 custodia,
320 1204 348 1219 sed
355 1204 372 1219 in
379 1204 448 1224 quedem

74 1228 164 1249 periculosa
171 1229 238 1244 tendunt
244 1228 335 1248 securitate;
340 1228 409 1249 dumque
416 1233 449 1244 eor-

74 1253 155 1274 ripiuntur
162 1258 180 1269 ac
189 1253 295 1274 corriguntur,
304 1253 330 1269 vix
337 1253 448 1274 aequanimiter

74 1278 134 1296 ferunt,
146 1278 237 1299 praesidenti
249 1282 313 1298 quoque
325 1278 394 1294 feciliter
407 1278 447 1294 indi-

73 1304 146 1323 gnantur.
155 1302 182 1318 Isti
193 1302 321 1323 praecedentibus
332 1302 417 1318 manifeste
427 1303 448 1318 ir-

74 1327 147 1347 religiose
158 1327 249 1343 viventibus
262 1326 320 1348 partim
333 1329 395 1343 exstant
406 1327 447 1343 vitu-

476 1080 501 1095 his
512 1080 592 1100 prodesse,
600 1080 614 1096 si
625 1084 689 1096 earnem
702 1082 771 1096 nostram
783 1080 850 1100 jejuniis

475 1106 523 1125 etque
534 1104 594 1125 vigiliis
605 1104 702 1125 affligamus,
713 1106 729 1120 et
739 1107 809 1120 mentem
822 1109 849 1121 no-

476 1131 524 1144 stram
535 1133 566 1144 non
575 1129 686 1145 emundemus.
695 1129 735 1148 Quid
745 1129 810 1150 prodest
817 1134 850 1145 cor-

476 1154 534 1175 poralis
547 1154 620 1173 afflictio,
633 1154 647 1170 si
660 1154 730 1175 linguam
745 1154 822 1176 nequitiis
834 1156 850 1171 et

475 1179 618 1195 obtrectationibus
633 1179 736 1200 polluamus?
748 1179 804 1195 Nonne
816 1184 849 1196 om-

475 1209 503 1220 nes
513 1204 575 1220 lebores
585 1204 634 1220 nostri
642 1204 658 1219 in
666 1204 735 1220 nihilum
745 1204 849 1225 redigunturl

475 1229 487 1244 0
494 1229 549 1249 quanti
560 1231 575 1244 et
585 1233 633 1249 quam
643 1228 714 1244 diuturni
724 1229 786 1245 labores
795 1229 849 1245 subito

475 1255 547 1274 pereunt,
556 1253 594 1269 dum
603 1253 645 1274 quod
655 1253 771 1274 acquisivimus
781 1254 849 1269 eustodi-

474 1282 491 1293 re
499 1278 605 1298 negligimus!
613 1278 711 1298 Quapropter
719 1278 767 1298 gratis
775 1278 821 1294 nobis
829 1278 848 1294 de

474 1302 545 1323 corporis
555 1302 643 1318 afflictione
653 1302 749 1321 blandimur,
758 1303 771 1318 si
779 1303 848 1319 exterior

474 1327 523 1343 bomo
530 1329 584 1343 noster
592 1327 651 1343 sanctis
661 1327 742 1343 laboribus
749 1329 847 1346 exerceatur,

857 601 895 612 tuln.
898 604 909 613 v.
912 602 922 612 ι.
