1079 1569
24 251 48 262 ror.

40 304 50 311 v.
55 301 70 311 ι’.

225 130 299 142 uomica
310 130 392 141 nssmms.
403 134 424 137 -
434 129 456 141 An
465 129 563 145 nsszlelosos3
574 129 623 141 ΕΕΒΙΟ
634 129 706 141 smmus

824 124 854 140 4915

77 172 127 187 unius
137 172 244 188 obeditionem
253 172 294 188 faeta
302 175 326 188 est
336 172 415 193 generalis
425 172 454 188 sal-
460 172 473 188 Α
481 174 505 187 est
513 172 533 188 it·
544 172 624 190 misertus,
631 171 677 192 juxta
687 171 726 187 illud
735 171 754 187 ad
762 171 840 187 Romanos
849 176 852 186 :

20 202 70 214 carme.
77 196 126 212 vatio.
137 197 202 217 Propter
213 197 256 217 quod
268 197 290 213 ait
302 197 387 218 Apostolus
397 202 401 213 1
412 197 454 212 Deus

78 223 113 236 crut
121 221 137 237 in
145 221 207 237 Christo
215 222 293 237 mundum
301 221 406 237 reconcilians
414 221 453 241 sibi;

53 255 70 263 n,
78 248 94 261 et
105 250 166 264 rursus,
175 246 219 262 Sicut
230 246 246 261 in
256 246 306 262 Adam
317 250 372 262 ornnes
383 246 453 261 moriun-

78 272 110 288 tur,
122 270 144 286 ita
154 273 170 286 et
181 271 197 286 in
208 271 271 286 Christo
281 275 337 286 omnes
347 270 453 286 vivificabun-

78 297 114 315 tur;
125 295 201 316 itemque,
209 295 254 311 Sicut
265 300 294 316 per
304 295 352 311 unius
363 295 454 311 inobedien-

78 320 124 337 tiam„
132 322 224 340 peccatores
234 320 316 335 constituti
326 322 364 335 sunt
372 319 424 338 multi,
432 320 454 335 ita

78 349 108 365 per
116 344 164 360 unius
171 344 242 360 hominis
249 341 363 363 obedientiam,
371 344 410 364 justi
418 348 454 360 con-

77 369 167 384 stituuntur
177 369 228 384 multi.

98 393 178 411 Secundo,
185 393 201 409 in
209 393 282 414 passione
290 393 348 409 Christi
357 393 454 414 contemple-

78 422 116 433 mur
124 418 252 433 inaestimabilem
260 418 362 433 dilectionem
370 418 397 433 Dei
405 418 454 433 Patris

77 442 97 458 od
109 447 144 460 1105,
152 442 171 457 de
179 447 210 463 qua
221 442 237 458 in
248 442 300 463 prime
309 447 338 458 suo
345 442 424 458 Canonica
432 442 454 457 nit

77 491 117 506 ritas
127 491 154 506 Dei
166 492 182 506 in
192 491 244 510 nobis,
253 491 329 512 quoniam
338 491 396 507 Filium
406 496 453 507 suum

77 516 179 536 unigenitum
195 516 239 531 misit
251 516 293 531 Deus
308 516 324 531 in
340 516 423 534 mundum,
436 517 454 531 ut

77 540 152 556 vivemus
160 545 189 561 per
196 540 254 561 ipsum*
260 540 303 556 Unde
312 541 328 556 in
335 540 400 556 «loannis
408 545 454 556 evan-

38 571 48 577 ...
54 571 69 579 mv
76 565 121 585 gelio
128 564 179 580 fertur
187 569 191 581 z
199 565 225 580 Sin
233 565 274 580 Deus
283 565 339 580 dilexit
347 565 431 584 mundum,
437 567 455 580 ut

77 589 137 605 Filium
148 594 194 605 suum
205 590 306 610 unigenitum
316 589 365 608 daret,
375 591 393 605 ut
402 589 454 605 omnis

77 614 106 634 qui
118 614 169 629 credit
180 614 196 629 in
208 614 261 635 ipsum
273 618 305 630 non
316 616 375 634 pereat,
387 614 415 630 sed
427 614 454 630 ha>

77 638 116 654 beat
129 639 177 654 vitam
192 641 272 654 mternsm.
286 639 340 659 ltaque
355 643 387 654 non
402 638 453 654 solum

77 663 124 679 Pnoer
131 663 189 679 Filium
199 668 246 679 suum
256 663 326 679 misitne
334 663 378 679 dedit
388 668 417 684 pro
426 668 454 679 no-

77 688 109 706 bis,
118 688 145 703 sed
155 688 203 703 simul
213 692 251 703 cuni
261 688 290 703 illo
299 688 330 703 alin
340 688 390 703 multa
398 690 414 704 et
421 693 454 704 ma-

76 717 109 733 gna
123 717 142 728 ac
154 712 276 733 pmclnrissima
290 712 336 728 nohis
352 712 417 733 largitus
430 715 454 728 est

77 737 126 755 bona,
139 742 148 753 a
160 737 208 753 tantis
223 737 269 753 malis
284 737 349 758 eripuit,
361 737 380 752 ad
393 739 453 753 tantam

481 196 532 215 Quum
540 196 592 212 adhue
600 196 661 212 inimiei
670 201 747 214 essemus,
756 195 853 211 renonciliati
861 201 928 215 tim-,im

481 225 537 236 sumus
545 221 576 236 Deo
587 225 615 241 per
625 223 692 236 mortem
701 220 736 236 Filii
746 220 786 241 ejus.
795 220 812 236 ln
822 225 854 241 quo

481 245 529 261 etiarn
538 245 607 261 maxima
615 245 643 261 Dei
650 245 670 261 ad
678 249 707 261 nos
717 245 777 260 relucet
783 245 853 260 dileetio.

481 270 546 290 Propter
558 270 600 291 quod
613 270 635 285 ait
645 270 713 285 loannes
726 269 807 290 apostolus
820 274 824 285 ι
837 269 854 285 ln
865 276 928 290 noan-,m

481 295 511 310 hoc
523 296 548 310 est
562 294 624 313 caritas,
637 299 669 310 non
681 294 727 315 quasi
741 298 769 310 nos
782 292 879 310 ailmeri-¹⁰-

482 324 517 334 mus
525 319 581 337 Deum,
587 319 615 335 sed
623 319 698 340 quonium
707 319 741 339 ipse
748 319 792 339 prior
799 318 855 334 dilexit

481 348 515 359 nos.
526 344 546 359 Et
556 344 613 359 Paulus
625 344 677 364 inquit
687 348 691 359 :
701 344 805 360 Commendat
816 343 855 359 eari-
868 350 929 364 nomast.

482 370 529 384 tatem
537 373 582 384 suam
591 368 607 383 in
614 368 661 384 nobis
669 368 715 387 Deus,
721 368 796 389 quoniam
804 373 854 389 quum
862 367 872 377 ⁰·

481 393 532 408 adhuc
545 395 636 413 peccatores
649 397 726 412 essemus,
739 393 812 408 Christus
827 397 856 413 pro

481 417 528 433 nobis
543 419 615 433 mortuus
629 419 658 433 est.
671 417 708 433 ideo
722 417 779 433 caritas
794 417 822 433 Dei
836 417 856 433 od

482 442 555 457 homines
566 444 590 457 est
601 442 670 457 muxime
682 442 752 458 liberalis
763 444 811 463 atque
822 446 856 462 gru-

34 472 69 481 mm*v
76 467 146 482 loannes
158 466 240 487 apostolus
253 472 257 483 :
270 467 288 482 ln
301 466 330 482 hoe
343 467 417 487 apparuit
429 471 454 482 cs·
463 466 475 482 Β
482 467 531 485 cuitu
541 468 557 482 et
566 466 647 482 miseratio
654 466 682 482 Dei
690 467 709 482 ed
717 471 744 482 eos
753 466 784 482 fuit
792 467 856 482 misera-

482 491 504 507 tio
512 496 556 506 mera
562 493 578 506 et
585 496 631 512 pura,
639 493 655 506 et
662 491 732 507 maxime
739 491 813 511 gratiosa,
819 491 857 512 quia

482 520 501 531 ex
509 518 553 536 purte
561 515 645 531 hominum
653 515 697 531 nulla
705 518 818 536 praecesserant
826 520 857 531 me-

482 540 517 555 rita.

501 565 565 583 Quarto,
574 565 590 580 in
603 565 661 581 Christi
673 565 747 585 passione
759 565 856 586 contemple-

482 594 519 605 mur
526 589 627 607 immensam.
635 589 723 605 districtam
733 594 751 605 ac
760 590 856 605 metuendis-

482 614 538 630 simam
552 614 580 629 Dei
594 614 643 629 Patris
655 614 740 634 justitiam,
753 614 781 635 qui
794 614 810 630 in
823 616 856 630 tan-
863 619 929 632 mxu-«J.

481 641 516 654 turn
527 639 560 654 odit
571 638 677 659 iniquitatem,
686 641 717 654 tam
728 639 763 654 dire
774 639 857 655 ulciscitur

481 668 522 682 eam,
535 665 551 679 et
563 665 595 679 tam
609 663 672 679 nullum
685 666 768 684 peecatum
780 664 857 684 relinquit
874 669 894 680 ,ιοο
901 673 930 682 ¹¹¹¹¹

482 688 557 706 inultum,
565 688 608 709 quod
616 688 716 708 unigenitum
723 693 742 704 ae
749 688 857 709 superduleis-
865 685 880 696 ¹¹·

481 713 541 728 simum
549 712 607 728 Filium
617 717 664 728 suum
672 717 692 728 ex
699 717 728 729 suo
736 713 782 728 eorde
791 715 856 729 aeterna-

482 737 518 752 liter
532 737 610 758 genitum,
625 742 674 757 quern
689 742 720 753 non
736 737 790 753 minus
804 738 856 758 diligit

77 762 194 779 beatitudinem
204 762 292 782 perducere
300 766 328 778 nos
335 762 411 780 decrevit,
420 764 453 777 tan-
462 762 473 778 C
482 767 529 782 quarn
538 766 555 777 se
565 762 624 782 ipsum,
634 762 649 777 in
659 766 691 782 quo
701 762 731 777 sibi
742 762 782 777 bene
790 764 806 777 et
815 763 855 783 opti-
868 768 930 781 unnim„

77 789 94 802 ta
102 791 166 807 quoque
175 791 203 807 per
210 791 248 802 eum
258 786 304 802 nobis
313 787 384 807 quotidie
391 786 452 802 tribuit.

20 818 26 825 a
38 818 69 826 .ιιιι,
77 812 119 827 Hinc
129 816 179 832 quurn
190 811 256 827 dixisset
266 811 356 831 Apostolus,
364 811 393 827 Pro
403 811 453 827 omni-

76 836 109 851 bus
122 835 168 851 nobis
180 835 245 851 tradidit
256 835 314 855 illurn;
327 840 363 851 mox
375 836 437 851 addidit
449 840 453 851 :

76 860 160 879 Quomodo
168 860 216 876 etiam
225 864 256 876 non
264 860 318 875 omnia
326 860 372 875 nobis
380 865 417 876 cum
426 860 454 876 illo

76 885 154 901 donnvitl
162 885 174 901 O
181 887 240 905 quanta
249 887 274 900 est
284 885 349 900 dilectio
359 885 386 900 Dei
396 885 416 900 ad
426 885 453 900 ho-

76 910 136 927 miues.
149 909 208 930 quihus
221 911 237 925 et
249 913 278 930 pro
290 914 359 930 quorum
371 909 454 930 ereptione

75 939 96 950 ac
112 934 200 950 salvatione
216 934 318 954 Unigenitum
334 939 381 949 suum
397 938 453 950 verum

76 960 135 977 Deum,
144 958 204 974 honum
214 958 317 977 immensum,
325 958 400 974 donavit!
409 959 425 974 Si
434 963 453 974 ex

77 983 189 1004 magnitudine
198 983 235 999 doni
246 983 351 1003 perpenditur
361 983 454 1003 magnitudo

76 1008 144 1026 amoris,
153 1008 191 1028 quid
202 1008 222 1023 de
232 1007 260 1023 Dei
271 1007 290 1023 nd
302 1012 330 1023 uos
341 1012 396 1023 amore
406 1007 454 1028 digne

77 1033 109 1048 sari
122 1032 224 1053 poterimus?
234 1032 256 1047 De
268 1032 298 1047 hoc
311 1032 338 1047 Dei
351 1032 400 1048 Patris
413 1032 454 1048 dono

78 1082 112 1098 lius
126 1082 172 1097 dutus
187 1083 211 1097 est
225 1081 276 1097 nobis.
291 1081 324 1097 lmo
338 1081 381 1097 hunc
397 1081 454 1097 Filium

77 1111 128 1122 suum
142 1106 168 1122 dat
183 1105 229 1121 nobis
241 1106 283 1121 Deus
298 1106 342 1121 Pater
354 1106 425 1126 quotidie
438 1106 454 1122 in

76 1133 179 1147 sacramento
187 1130 295 1146 Eucharistiae
304 1130 362 1151 Sicque
370 1130 386 1146 in
395 1130 455 1151 passio-

76 1161 99 1172 ne
107 1155 165 1171 Christi
174 1155 222 1171 etiarn
229 1155 257 1171 Dei
266 1155 377 1171 libernlitatem
385 1157 455 1171 contem-

76 1180 121 1201 plari
132 1184 218 1200 possumus
228 1184 247 1195 ac
257 1179 340 1195 debemus.

98 1205 158 1223 Tertio,
167 1205 183 1220 in
194 1205 252 1221 Christi
265 1205 338 1225 passione
349 1205 454 1225 contemplari

76 1230 158 1246 dehemus
171 1229 251 1245 infinitam
265 1229 340 1250 pietatem
353 1234 381 1245 seu
394 1229 455 1245 miseri-

77 1255 151 1271 cordiam
166 1254 193 1270 Dei
206 1254 261 1273 Patris,
273 1254 301 1275 qui
314 1256 346 1270 tam
361 1254 455 1270 mirabiliter

77 1282 128 1300 eique
141 1279 233 1300 plenissime
249 1279 323 1295 misertus
335 1281 359 1294 est
371 1279 426 1298 nostri,
439 1282 455 1295 et

77 1309 129 1325 opem
144 1304 235 1325 impendit3
250 1304 283 1319 imo
297 1303 389 1319 homiuibus
403 1304 455 1320 adhuc

78 1329 157 1348 inimicis,
167 1328 220 1349 impiis
229 1331 245 1344 ct
252 1328 332 1349 perversis
341 1328 455 1344 exsistentibus

482 791 513 805 me,
522 786 554 802 imo
562 786 626 802 infinite
633 786 736 807 complacuit,
742 787 798 802 maluit
806 787 856 803 incar-
864 784 882 797 ¹⁷:
889 787 914 796 “¹¹¹
920 785 930 794 ⁵·

481 811 521 830 nuri,
530 811 547 826 in
559 811 618 827 mundo
629 811 652 827 sie
663 811 759 830 conversari,
767 813 810 827 tanta
821 816 856 832 per·

481 835 529 854 ferre,
537 838 569 851 tam
579 836 690 851 crudelissime
699 836 773 856 crucifigi
783 838 799 852 et
809 837 855 855 mori,

481 865 529 881 quein
542 862 607 881 peccet-s
621 860 672 876 inulte
687 860 782 881 relinquere.
796 861 826 876 Sed
839 863 857 876 ut

481 884 539 900 fatetur
551 885 641 905 Apostolus,
654 885 719 905 Proprie
731 885 770 901 Filio
783 890 812 901 suo
824 890 856 901 uon
870 891 930 904 nantum.

482 909 554 930 pepercit
561 910 608 928 Deus,
616 910 644 925 sed
652 914 681 930 pro
688 909 734 926 nobis
744 910 819 926 omnibus
826 912 856 926 tra-
864 907 880 917 ¹²·

481 934 522 949 didit
530 934 638 955 illum.Atque
646 936 663 950 ut
671 934 687 950 in
695 934 734 950 lsaia
743 934 800 955 legitur
809 939 812 950 :
820 935 856 955 lpse
874 940 930 953 1..,ιιι.ο,

482 959 535 979 posuit
543 959 558 974 in
566 959 629 974 Christo
640 959 740 979 iniquitatem
749 959 821 975 omnium
829 964 856 975 no-
863 957 873 969 ⁸*
879 957 889 967 ³*

481 985 537 1002 strum,
546 985 562 999 et
574 985 639 1004 propter
651 983 703 999 scelus
716 984 771 1004 populi
783 984 808 999 sui
821 989 856 1005 per-

481 1008 531 1023 cussit
545 1013 588 1024 eum.
601 1008 630 1027 Qui
646 1008 738 1024 vulneratus
753 1010 777 1024 est
791 1011 856 1029 propter

482 1032 574 1053 iniquitates
587 1035 653 1048 nostras,
662 1033 703 1048 Ecce
714 1038 762 1054 quem
773 1038 830 1054 magne
840 1035 857 1049 et

32 1063 38 1070 ι
54 1068 57 1070 -
78 1057 151 1078 loquitur
162 1057 209 1072 lsaiss
218 1061 221 1072 :
230 1056 270 1072 Puer
281 1058 327 1072 natus
339 1058 363 1072 est
373 1056 425 1075 nohisy
436 1057 455 1072 fi·
462 1058 474 1074 D
482 1057 568 1073 metuenda
574 1057 636 1077 justitie
646 1057 678 1073 Dei*
688 1058 710 1073 De
717 1062 748 1078 quo
758 1058 780 1073 uit
788 1058 857 1079 Prophe-

482 1084 497 1097 ta
510 1086 514 1097 z
526 1082 580 1098 Justus
593 1082 669 1098 Dominus
681 1085 697 1098 et
708 1082 777 1103 justitias
790 1083 856 1103 dilexit;
871 1090 924 1103 12.st⁴

482 1107 572 1127 aequitatem
583 1107 623 1122 vidit
634 1107 688 1123 vultus
698 1107 738 1127 ejus.

502 1131 565 1149 Quinto,
575 1131 592 1147 in
603 1131 661 1147 Christi
674 1132 747 1152 passione
758 1132 856 1153 contemple-

482 1160 518 1171 mur
529 1156 661 1176 omnipotentiam
674 1156 708 1174 Dei,
716 1157 743 1177 qui
756 1161 784 1177 per
796 1159 857 1173 tantam

482 1180 540 1197 Christi
548 1180 681 1199 humiliationem,
690 1181 812 1201 subjectionem,
821 1186 857 1197 eon·

482 1205 588 1221 eulcationem
596 1207 612 1220 et
619 1206 778 1226 mortem,supenvit
785 1208 801 1222 et
809 1206 857 1227 ejecit

482 1230 568 1246 diabolum.

502 1255 554 1273 Ouum
561 1259 599 1275 ergo
606 1257 650 1270 tanta
657 1255 677 1271 sit
687 1255 785 1276 profunditas
794 1256 857 1277 sapien-

482 1280 508 1295 tiis
523 1279 561 1295 fidei
576 1279 672 1298 christian-n,
686 1280 778 1296 invocemus
792 1281 857 1297 assidue

483 1305 544 1320 viscere
556 1304 668 1320 misericordias
676 1305 703 1320 Dei
714 1305 769 1324 nostri,
777 1307 795 1321 ut
804 1305 821 1321 in
832 1305 856 1321 his

483 1334 518 1350 quae
528 1329 566 1345 fidei
578 1331 615 1345 sunt
624 1329 699 1349 dignetur
709 1334 738 1345 nos
747 1330 811 1350 copiose
822 1330 857 1346 illu-
