1079 1569
168 1058 188 1069 Ρι
195 1062 208 1071 a.
213 1059 223 1070 r.

237 118 267 134 ³⁹6

364 123 438 135 WHNGA
449 123 454 135 Ι
465 123 592 137 anonumum.
601 127 622 130 ··-·
632 123 653 135 ΑΒ
663 123 760 139 ΒΒΙᾸῦΙοΒΟθξ
771 123 821 135 fimo
831 123 887 135 surus

238 168 276 182 tunc
289 166 353 182 mallem
362 170 392 187 ego
404 171 436 182 uon
448 166 503 182 audire
515 168 610 182 cantantem.
619 166 705 182 Aambitio
717 168 733 182 et
745 166 798 182 omnis
811 166 864 182 elatio.
877 167 929 185 Quum
942 167 995 187 ergoul

238 191 299 207 Idcirco
312 191 329 207 in
344 191 432 212 psalmodia
445 193 461 206 et
472 193 519 206 cantu
534 191 611 207 debemus

238 215 348 236 principaliter
360 216 380 231 ad
392 220 457 231 sensum
469 220 488 231 ao
499 215 549 231 Deum
561 217 611 231 atten-

238 240 281 258 dere,
296 242 312 256 et
326 244 391 256 omnem
406 240 538 260 complacentiam
554 244 611 255 vanam

237 264 312 285 abjicere.

257 289 304 305 Porro
317 294 346 310 per
360 289 506 310 concupiscentiam
521 289 610 307 oculorum.

237 314 262 330 vel
275 314 358 330 curiositas
370 314 395 330 vel
408 314 474 329 avaritia
486 314 584 334 designatur,
595 316 612 329 et

237 343 284 355 omne
296 338 394 354 desiderium
409 343 462 354 rerum
475 343 511 359 qum
523 343 552 359 per
564 344 611 355 usum

237 364 335 384 corporalem
346 363 435 379 inordinate
444 364 528 379 delectant.
537 364 581 382 Quod
589 364 611 379 vi-

237 388 277 404 tium
285 388 301 404 in
310 388 364 404 multis
373 388 452 408 religiosis
463 388 553 409 periculose
561 388 611 404 abun>

236 413 263 428 dat
273 417 291 428 ac
302 412 414 428 damnabiliter
424 413 467 433 viget
477 417 481 428 z
493 413 521 433 qui
533 412 611 433 quidquid

236 439 301 453 ornatus
312 439 340 453 aut
349 437 445 453 curiositatis
455 437 549 458 concipiunt
557 439 585 452 aut
594 437 610 452 in

639 191 735 207 monachum
747 193 807 212 spectet
818 191 859 207 nihil
871 191 936 207 lionoris
945 194 959 207 et
966 192 996 207 deliL

639 215 712 232 ctationis
720 216 736 231 in
745 216 804 232 mundo
812 216 842 232 hoo
849 220 926 237 quarere,
934 216 959 232 sed
965 216 996 237 abja

639 240 691 256 ctione
699 242 715 256 et
722 240 822 261 subjectione
830 240 905 261 gaudere,
913 242 929 256 et
935 243 995 261 quantum

639 265 655 281 in
667 270 684 281 se
695 267 724 284 est,
734 265 775 281 velle
783 265 803 281 ab
812 265 889 281 omnihus
899 265 962 286 despici,
970 270 996 281 eun>

639 290 704 308 culcari,
717 290 809 310 vituperari,
822 294 872 310 seque
884 290 954 305 omnium
964 290 996 305 vilis

638 314 697 330 simum
710 316 792 335 reputare;
805 316 866 330 constat
878 319 926 335 quam
938 314 977 335 longe
985 317 996 330 et

639 339 702 355 infinite
710 339 769 354 distent
776 344 785 354 a
792 339 859 354 veritate
866 339 965 359 perfectionis
973 344 996 355 mo-

639 363 703 379 nnstiem
713 368 769 379 omnes
779 363 844 384 superbi
855 365 871 379 et
880 363 962 379 ambitiosi.
969 364 997 379 Rur«

638 393 671 406 sus,
679 393 729 409 quum
738 388 851 404 monachorum
861 388 888 406 sit,
897 388 913 403 in
920 388 960 404 omni
970 393 996 403 :en-

638 412 733 431 versatione,
741 413 803 428 actione
811 414 827 428 et
836 412 924 428 intentione
933 412 951 428 ad
958 413 996 428 Deum

638 437 698 453 directe
706 437 780 455 converti,
788 439 804 453 et
812 442 910 458 nequaquam
917 437 936 453 ad
943 442 958 453 se
965 437 997 458 ipsos

236 461 271 477 aliis
279 461 339 479 vident,
347 463 425 482 appetunt
434 463 450 477 et
459 461 518 477 habere
527 463 609 477 conantur.
620 463 632 479 B
639 462 726 477 inordinate
733 462 899 480 reflecti,intendendo
904 461 997 482 propriam

236 486 293 502 Contra
302 486 344 507 quod
354 486 410 502 scribit
419 486 433 502 S.
440 486 528 502 Bernardus
536 490 540 501 z
549 486 611 502 Credite

237 510 282 529 milii,
290 510 352 529 fratres,
361 510 399 531 quia
411 510 539 531 pulchritudines
551 511 584 526 iatae
595 512 611 526 et

236 535 326 551 honestates
342 537 411 551 externae
427 535 458 551 cito
473 535 519 551 virile
535 537 611 551 enervant

236 559 339 580 propositum,
343 562 359 575 et
367 560 472 576 masculinum
480 559 572 575 effeminant
580 560 611 575 ani-

236 589 286 600 mum.
297 584 336 600 Nam
348 584 377 600 etsi
389 584 423 605 ipso
435 589 477 605 saepe
487 589 516 600 usu
527 584 611 605 sopiuntur

236 614 291 625 earum
299 609 416 628 delectationes,
420 611 472 625 tamen
480 611 572 630 contemptu
580 613 611 624 me-

236 633 267 649 lius
278 638 326 654 quam
337 638 367 649 usu
380 633 487 654 exstirpantur
498 636 514 649 et
523 633 611 649 vincuntur

236 658 329 679 hujusmodi
342 658 441 674 affectiones.
454 658 534 674 intentum
546 662 610 679 quoque

236 683 339 698 interioribus
354 683 387 699 anis
401 683 473 698 animum
489 683 539 703 magis
553 683 610 698 decent

236 707 296 723 inculta
308 707 362 723 omnia
374 709 390 723 et
402 708 474 728 neglecta
486 707 569 726 exteriora,
582 712 610 728 per

235 737 271 753 quas
283 732 335 748 incola
347 732 410 750 domus,
422 732 486 748 animus
499 732 538 753 ipse,
551 732 609 753 smpius

639 487 685 502 moda
692 488 720 502 aut
727 486 802 506 honoresg
808 486 860 502 omnis
868 486 915 502 elatio
922 488 937 502 et
944 486 997 502 ambitio

638 511 697 527 debent
706 516 715 527 a
726 511 807 527 monachis
819 511 836 527 in
849 510 930 527 infinitum
941 513 997 527 contem-

638 536 660 554 ni,
671 536 708 557 quia
719 536 756 551 elati
767 538 783 552 et
793 535 880 554 ambitiosi,
888 536 932 556 quasi
944 536 958 551 in
968 540 996 551 cun⁴

638 560 668 576 ctis
678 565 713 581 qum
723 562 777 581 agunt,
785 560 833 576 etiam
843 565 879 581 quie
889 560 929 576 bona
936 560 997 576 videntur

638 587 685 606 atque
697 590 716 601 ex
728 590 786 605 genere
798 585 840 600 bona
853 587 896 603 suut,
908 585 926 600 ad
938 589 954 600 se
964 585 997 605 ipsos

638 609 743 625 reflectuntur
751 610 843 628 inordinate,
847 611 914 630 suntque
921 610 963 625 valde
969 609 998 625 obli>

638 634 671 655 qui,
684 634 745 654 injusti,
758 634 825 653 distoni,
838 638 870 650 non
883 634 931 654 plani,
943 634 976 650 recti
986 636 997 649 et

637 659 681 679 justi,
687 659 729 677 ldeo,
734 659 779 679 juata
786 658 885 679 Gregorium,
891 659 966 674 numerari
973 663 997 674 non

638 685 699 704 queunt
710 683 762 704 culpffl
774 688 809 704 quas
822 685 919 703 generantur
930 688 948 699 ex
958 683 997 699 ambi-

637 708 685 724 tione,
696 708 715 723 Et
727 710 789 723 certum
799 708 842 728 quod
852 708 925 724 omnium
934 708 997 723 vitiorum

637 733 681 753 origo
691 732 764 748 consistit
772 732 824 751 elatio,
833 733 880 752 cujus
890 732 963 748 demerito
971 737 997 752 per<

235 757 279 775 alibi,
292 759 331 778 puta
345 757 361 772 in
374 756 471 775 coelestihua,
483 757 574 772 conversari
586 756 609 772 di-
618 757 629 773 C
637 757 705 772 mittitur
715 757 798 777 religiosus
808 761 850 777 saepe
858 757 906 773 etiam
917 757 932 772 in
940 756 998 772 camalia

235 781 322 802 gnoscitur,
335 786 384 802 seque
398 781 436 797 alibi
452 781 501 802 magis
516 784 609 802 occupatam

236 806 303 822 intentio
313 808 368 822 sancte
378 806 465 822 denuntiat.
474 806 513 822 Hinc
524 806 577 822 denuo
587 806 609 822 ait

235 831 314 852 gloriosus
325 831 414 847 Bernardus
423 836 426 847 :
435 831 534 851 Negligentia
545 831 608 847 interio-

235 860 271 871 rum
279 857 344 876 generat
351 855 464 873 curiositatem,
470 855 508 876 quia
515 855 553 871 dum
561 855 609 871 homo

236 880 311 896 interiora
320 885 349 895 sua
357 880 438 895 custodire
445 882 461 896 et
469 880 554 895 fecundare
563 880 608 896 omit-

235 905 259 923 tit,
270 902 359 920 forinsecus
371 906 451 925 evagatur,
462 904 517 925 sicque
528 904 609 925 evagando

236 934 265 950 per
273 929 327 947 multa,
336 929 405 945 faciliter
413 929 474 944 invenit
483 929 510 944 ubi
520 929 575 944 illicite
583 929 609 944 de-

236 954 307 969 lectetur.
317 953 382 969 Effusas
390 954 464 974 equidem
472 953 536 969 animus
545 953 609 969 interio-

235 983 252 994 ra
264 978 321 994 damna
332 983 364 994 non
375 978 428 996 sentit,
438 978 476 999 quia
487 982 516 994 uec
527 978 569 994 intus
580 980 608 994 est.

236 1003 255 1018 Et
261 1003 299 1023 quid
307 1003 364 1018 mirum
372 1003 386 1018 si
394 1002 473 1023 propriam
481 1003 545 1018 minime
553 1003 610 1018 sentiat

236 1027 323 1046 lmsionem,
331 1027 358 1048 qui
369 1027 429 1043 oblitus
440 1029 464 1043 est
474 1028 499 1043 sui
511 1027 573 1048 ipsius?
580 1027 609 1046 Qui

636 782 675 798 vitia
685 784 712 798 aut
722 782 738 797 iu
748 786 803 798 eorum
814 781 893 797 desideria
904 782 961 798 cadere.
969 781 997 797 ideo

636 807 719 822 timoratus
727 806 754 822 ille
761 806 818 822 Tobias
825 806 885 827 optime
893 806 933 822 dixit
940 811 943 822 :
951 806 997 826 Super-
1003 811 1016 821 m
1021 814 1026 820 ,-
1031 811 1037 819 >-

637 831 680 847 biam
693 836 775 851 nunquam
787 831 803 846 in
816 833 844 847 tuo
856 836 904 846 sensu
916 833 942 846 aut
952 831 966 846 in
976 832 997 845 tuo

636 856 685 871 verbo
697 855 776 871 dominari
788 855 879 876 permittas3
891 855 907 871 in
920 855 952 876 ipsa
961 855 996 870 enim

636 880 705 901 sumpsit
714 880 777 896 initium
786 880 838 896 omnis
848 880 921 901 perditio.
929 880 947 896 Ut
954 880 997 900 itaque

636 909 673 921 vere
682 905 733 920 simus
744 905 819 925 religiosi,
827 905 929 920 secludantur
938 905 953 920 in
961 906 997 920 anter-

636 934 675 945 num
687 934 697 945 a
709 929 755 945 nobis
770 929 823 945 omnia
838 929 867 945 ista
880 929 897 945 in
910 929 964 945 sarculo
973 929 997 944 isto

636 959 705 975 nequam
716 954 802 974 regnantia.

656 978 735 999 Amplius,
744 978 815 994 Christus
826 983 854 999 per
863 978 963 999 quadraginta
971 978 997 993 dics

635 1003 729 1023 jejunando,
735 1003 789 1018 docuit
796 1003 835 1023 quid
843 1007 914 1023 agamus,
922 1003 969 1023 utqui
976 1007 998 1023 per

637 1027 775 1043 immoderantiam
783 1027 815 1043 cibi
824 1032 842 1043 ac
851 1029 899 1048 potue
906 1027 997 1043 excessimus.

236 1052 328 1073 pcenitendo
338 1052 391 1068 dicere
401 1054 453 1073 potest
462 1054 478 1068 ot
485 1052 538 1070 debet,
547 1052 610 1068 Percus-
616 1051 630 1067 D
637 1057 666 1073 per
676 1052 788 1068 abstinentiam
800 1054 847 1073 atque
857 1052 937 1072 jejunium
947 1051 997 1072 aliquid

236 1082 263 1093 sus
275 1081 311 1092 sum
324 1079 341 1092 ut
353 1076 420 1095 foenum,
431 1079 446 1092 et
456 1077 498 1092 aruit
510 1081 537 1092 cor
549 1081 608 1095 meum,

236 1102 273 1122 quia
280 1101 339 1117 oblitus
347 1106 382 1117 anm
391 1102 473 1117 comedere
482 1106 538 1122 panem
547 1105 608 1117 meum:

236 1131 294 1147 panem
309 1126 364 1147 utique
378 1126 423 1142 home
437 1126 534 1147 operationis
546 1128 562 1141 et
573 1126 609 1142 ohe-

214 1158 229 1168 ιι,
236 1150 300 1167 dientiae
308 1151 386 1169 salutaris,
391 1151 411 1166 de
418 1155 450 1171 quo
457 1150 479 1166 ait
486 1150 609 1169 Salvator,Meus

236 1175 283 1191 cibus
297 1177 326 1193 est.
342 1177 359 1191 ut
374 1175 431 1191 faciam
445 1175 543 1191 voluntatem
559 1175 608 1191 Patris

236 1200 273 1216 mei.
282 1200 307 1216 Sic
317 1200 355 1215 dum
364 1205 383 1216 ea
392 1205 427 1221 quaa
436 1200 477 1215 Deus
484 1205 493 1215 a
501 1200 547 1215 nobis
557 1200 609 1220 requi-

235 1225 256 1241 rit
267 1227 283 1241 et
293 1224 371 1246 professio
381 1224 435 1245 exigit,
443 1224 559 1243 obliviscimur,
570 1224 609 1240 foris

235 1249 297 1265 curiose
308 1249 420 1267 diffundimur,
431 1248 481 1269 sitque
492 1249 545 1264 anima
556 1251 608 1264 nostra

234 1274 292 1290 absens
302 1274 333 1292 sui,
341 1273 357 1289 in
368 1273 449 1294 regionem
460 1273 563 1294 longinquam
573 1277 608 1294 pro-

234 1298 280 1315 fecta.

254 1323 274 1339 At
283 1327 321 1339 vero
330 1327 359 1344 per
368 1322 460 1344 superbiam
470 1322 507 1339 vitm
517 1322 608 1343 designatur

637 1077 684 1092 etiam
700 1077 826 1092 necessariorum
842 1076 889 1092 nobis
903 1076 998 1092 subtrahendo

637 1101 758 1117 satisfaciamus.
771 1101 853 1120 Quomodo
864 1106 902 1122 ergo
913 1101 976 1117 abstinet
986 1102 998 1115 et

636 1126 703 1147 jejunat,
716 1126 744 1146 qui
759 1126 795 1146 plus
810 1130 858 1146 quam
873 1128 928 1142 natura
941 1125 998 1146 requirit

636 1150 722 1166 manducat
733 1155 751 1166 ac
764 1150 810 1168 bibit,
823 1150 845 1166 ila
859 1152 877 1166 ut
888 1150 907 1166 ad
920 1149 998 1171 spiritualia

636 1175 711 1191 reddatur
723 1175 805 1195 ineptiorl
815 1175 852 1193 Qum
863 1179 901 1195 ergo
913 1177 948 1191 sunt
958 1178 998 1195 opera

636 1201 652 1215 et
664 1199 723 1215 indicia
734 1199 768 1215 veri
780 1199 843 1220 jejunii,
853 1200 891 1215 audi
903 1199 997 1220 Augnsfinum

636 1224 715 1240 dicentem
724 1229 728 1240 z
735 1224 816 1244 Jejunium
825 1226 881 1244 purgat
889 1226 960 1242 montem,
968 1223 998 1239 sub-

636 1249 678 1264 levat
685 1253 755 1267 sensum,
762 1253 825 1264 carnem
833 1248 898 1269 spiritui
906 1248 998 1269 suminam·-

636 1273 674 1288 facit
687 1273 774 1288 contritum
786 1275 802 1288 et
813 1273 922 1291 humiliatum,
934 1272 998 1292 concupi·

635 1297 700 1313 scentiae
712 1297 778 1313 nebulas
790 1297 872 1318 dispergit,
885 1297 965 1314 libidinum
976 1301 997 1312 exv

635 1322 702 1343 §tinguit
711 1322 780 1341 ardores,
788 1324 804 1338 et
811 1322 888 1338 castitatis
897 1322 965 1339 accendit
973 1321 998 1337 ful-
