1079 1569
314 125 389 137 mmmm
400 125 467 136 raam.
478 129 498 132 —-
508 125 558 136 smne
568 124 630 136 nunus

830 119 861 136 1529

15 174 73 186 man.
82 173 112 189 per
123 170 206 189 peccatum
218 172 270 188 mors;
278 170 294 183 et
305 172 366 186 rursus,
374 167 419 183 Sicut
430 172 459 188 per
466 167 478 183 Α
486 167 607 183 conversionem
628 167 744 188 procrastinant
763 167 861 183 emendatio-

82 193 131 208 unius
143 192 213 209 hominis
225 191 356 211 inobedientiem,
367 194 458 213 peccaveras

81 217 165 233 constituti
176 219 213 233 sunt
221 217 273 235 multi.
282 217 304 233 ite
314 221 343 237 per
351 217 398 232 unius
407 217 458 232 homi-

81 242 107 258 nis
118 242 232 260 obedientiam,
239 241 279 262 justi
290 242 409 257 constituuntur
418 241 458 257 mul-

80 267 111 287 ti);
119 267 141 282 ita
151 271 179 287 per
188 266 246 282 Christi
256 266 364 282 obedientiam
374 268 390 281 et
400 266 459 286 passio-

80 296 125 309 nem,
134 291 235 311 redemptum
245 293 270 306 est
279 295 330 311 genus
338 291 432 309 humanum,
441 292 458 306 ut

80 321 100 332 ex
109 315 211 336 praeinductis
219 315 290 336 Apostoli
300 315 353 331 verbis
363 315 457 331 ostenditur.

80 340 155 356 Christus
162 340 222 361 quippe
230 345 259 356 sua
266 340 362 358 obedientia,
370 340 435 355 caritate
443 342 459 355 et

80 365 161 386 passione,
176 367 254 385 quantum
269 367 293 380 est
307 369 326 380 ex
341 367 386 385 parte
401 364 458 385 ipsius,

81 390 171 411 promeruit
178 389 240 405 cunctis
248 389 341 405 hominibus
349 389 458 405 liberationem

81 414 102 430 ab
113 414 157 430 omni
169 416 239 435 peccato,
247 414 314 434 gratiam
327 414 343 429 in
356 414 430 434 presenti
443 415 459 429 et

81 439 150 459 glorium
163 439 179 454 in
190 438 250 457 t'uturo,
259 438 355 459 plenamque
367 438 459 454 immortali-

486 196 555 212 nemque
566 192 649 208 disserunt.
658 191 684 207 Sic
695 193 759 212 tempus
769 196 817 207 suum
829 196 860 207 non

486 216 537 232 solum
547 216 651 235 infructuose,
659 216 687 232 sed
695 216 751 232 vitiose
759 216 860 237 expendunt3

486 243 502 257 et
512 241 576 257 interim
588 241 651 257 diabolo
660 241 738 259 serviunt,
746 243 762 256 et
771 241 788 256 in
798 243 861 257 aeternae

486 266 592 281 damnationis
602 267 643 281 statu
653 268 701 286 atque
711 266 783 286 periculo
791 267 833 281 suut.
842 265 861 281 Et

486 292 546 311 quanto
556 290 617 306 diutius
627 290 710 309 differunt,
718 292 762 306 tento
773 290 809 310 plus
822 290 862 305 redi-

487 317 548 333 oantur,
557 314 660 330 habituantur
666 319 685 330 ac
693 314 773 331 usitantur
780 314 796 330 iu
804 314 848 330 vitiis
856 318 860 330 :

486 340 542 360 sicque
549 339 632 355 difficilius
640 339 659 355 sit
666 339 690 355 eis
698 344 783 360 resurgere.
787 339 813 355 Ait
820 344 862 355 nam-

486 369 518 385 que
532 364 602 380 Isidorus
618 368 621 380 :
637 364 672 380 lstis
687 364 769 380 fomitibus
785 366 861 384 tunquam

486 389 583 409 quibusdam
594 389 669 409 gradibus
679 389 775 405 convalescit
785 389 801 404 in
812 388 862 405 homi-

487 418 507 429 ne
517 418 565 429 omne
573 416 657 434 peccatum
666 418 669 429 :
677 413 752 434 cogitatio
762 418 810 434 prava
820 413 862 434 parit

487 438 615 457 delectationem,
623 438 708 454 delectatio
715 443 817 457 consensum,
825 443 862 454 con-

82 466 132 479 tatem
140 463 197 479 animre
205 466 221 479 et
228 463 358 484 corporis,quem
366 463 382 478 in
390 467 459 478 resurre-
468 463 480 479 Β
487 468 543 479 sensus
550 463 633 481 actionem.
638 463 679 479 actio
687 463 862 482 consuetudinem,con-

82 488 136 504 ctione
144 490 261 508 consequentur
269 487 399 506 sineliouoniam
408 488 459 508 itaque

82 513 143 529 virtute
153 514 169 528 et
179 513 235 528 merito
244 512 339 528 obedientiae
349 512 460 533 passionisque

83 537 148 556 Christi,
157 537 259 553 vivificamur
269 537 285 553 in
296 537 328 553 vita
338 537 367 552 hoc
379 541 408 557 per
418 536 460 552 iniu-

83 562 146 578 sionem
157 562 271 578 charismatum
282 562 337 582 gratim
347 566 366 577 ac
376 561 460 579 virtutum,

83 587 163 603 dehemus
173 587 189 602 in
199 586 228 602 hac
239 591 283 602 sacra
293 586 387 602 solennitate
395 586 460 606 pascha-

84 612 101 630 li,
110 616 148 627 cum
156 611 229 629 nomino,
238 611 313 631 magistro
322 615 339 626 uc
347 611 399 631 capite
407 612 461 626 nostro

82 637 121 652 Iesu
129 636 192 652 Christo
199 636 303 656 spiritualiter
311 640 381 656 surgerey
390 635 428 651 vitia
438 640 461 650 re-

84 661 178 681 linquendo,
188 660 204 676 iu
217 660 305 676 virtutibus
317 660 422 681 proficiendo,
430 664 461 675 ce&

84 685 132 701 lestia
142 685 270 705 contemplando,
279 685 329 700 Deum
337 685 353 700 in
363 684 438 700 omnihus
446 686 462 700 et

84 714 135 731 super
146 709 200 725 omnia
213 709 299 729 diligendo,
311 711 327 725 et
338 713 386 725 omne
398 711 462 730 tempus

87 735 124 750 vitm
135 736 192 750 nostra
203 734 284 750 fructuose
295 734 393 755 occupando.

487 488 555 503 suetudo
566 488 683 506 necessitatem,
691 488 777 503 necessit-ss
788 490 861 503 mortem.

487 512 545 533 Sicque
554 512 578 528 his
586 512 634 528 homo
641 512 710 528 vinculis
718 512 815 533 implicatum
823 517 862 533 qua-

488 537 524 552 dem
532 537 608 553 vitiorum
616 539 671 553 catena
678 539 741 553 tenetur
748 537 838 553 adstrictus.
843 538 862 553 Ut

488 566 526 582 ergo
535 562 605 577 vitemus
613 562 646 578 hirec
657 562 703 580 mala,
712 562 788 578 velociter
796 567 862 578 conver-

488 588 546 605 tamur,
555 586 643 607 praesertim
655 587 693 607 quia
705 591 734 603 nec
747 587 789 602 diem
801 587 862 603 scimus
868 591 936 605 nolimu.

489 615 518 626 nec
528 611 588 627 horem.
597 611 657 627 idcirco
667 611 683 626 in
693 611 805 627 Ecclesiastico
815 611 862 627 habe-

488 637 515 651 tur
523 640 527 651 z
535 635 569 651 Non
577 636 629 651 tardes
637 636 707 651 converti
717 636 737 652 ed
747 636 839 655 Dominumy
847 638 863 652 et

489 665 509 676 ne
521 660 587 676 dit'lerea
598 660 617 676 de
628 660 654 676 die
666 660 682 676 in
693 661 745 680 diem;
754 660 807 676 subito
819 661 863 677 enim

489 684 543 700 veniet
558 685 581 700 ira
595 684 646 701 illius:
657 685 730 701 Salomon
745 689 809 706 quoque
824 686 846 701 ait.
858 690 862 701 ι

489 709 604 730 Quodcumque
612 711 664 730 potest
673 709 725 725 facere
735 714 791 727 manus
800 712 832 729 tuay
841 710 864 726 iu-

490 736 550 749 stanter
560 738 631 754 operere.

106 759 185 779 Deinceps
197 763 234 774 curn
247 758 310 774 Christo
322 758 399 774 dehemus
411 763 462 774 resur-
469 757 480 773 G
510 758 563 774 Tertio
573 758 650 774 dehemus
661 763 698 775 curn
709 759 771 775 Christo
781 764 864 780 resurgere

84 789 123 805 gere
132 789 136 800 z
145 784 197 805 primo
206 784 289 802 veraciter,
297 788 328 799 non
337 783 436 799 simulatorie
444 785 462 799 ut

85 809 148 825 iaciunt
160 808 260 824 simulatores
270 810 287 824 et
297 808 356 827 callidi,
367 808 395 829 qui
406 812 462 829 provo-

85 836 124 849 cant
134 835 188 849 contra
196 838 213 849 se
223 833 263 849 irem
272 833 305 848 Dei.
314 833 357 848 Unde
367 835 383 848 et
391 833 462 849 Christus

67 867 75 876 ι,
85 859 109 874 ait
118 863 121 874 τ
130 858 182 876 Quum
191 858 273 878 jejunetis,
282 857 331 873 nolite
340 857 376 873 lieri
386 857 428 873 sicut.
435 857 463 878 hy-

86 883 153 904 pocritae
162 882 220 898 tristes.
229 882 262 898 imo
272 882 319 900 Deus,
328 882 355 903 qui
365 882 423 898 veritas
433 883 462 900 est,

86 907 190 928 singulariter
197 907 230 923 odit
238 906 360 927 hypocrisim,et
367 908 422 922 eontra
429 911 463 922 eain

57 941 75 948 m.
86 932 160 948 Christus
168 931 184 947 in
192 931 278 952 Evangelio
285 931 381 952 specialiter,
390 931 463 952 frequen-

85 959 112 973 ter
119 961 137 972 ac
145 956 238 972 terribiliter
246 956 320 976 loquitur.
325 956 344 971 Et
351 956 407 977 procul
415 956 464 971 dubio

85 981 171 997 vanissimi
188 981 311 1001 stultissimique
328 980 420 1001 probantur,
435 981 463 1001 qui

85 1011 137 1027 opera
144 1010 163 1021 ex
171 1010 201 1022 sue
208 1010 266 1026 genere
274 1005 315 1021 hona
323 1005 384 1021 faciunt
394 1010 423 1026 pro
431 1005 463 1021 lau-

86 1031 107 1047 de
116 1031 191 1048 humana,
196 1034 225 1051 pro
232 1030 317 1046 commodo
324 1030 408 1050 temporali
415 1032 464 1045 trans-

491 783 594 804 integreliterf
602 788 633 799 non
642 784 700 804 purtim
707 786 734 799 aut
743 784 837 805 imperfecte
847 786 865 800 ut

491 808 507 823 hi
518 808 546 828 qui
558 808 630 829 quaedum
641 810 706 829 peccata
717 808 778 824 deflent
790 813 809 824 ac
821 809 865 825 dese<

491 834 533 851 runt,
542 834 558 848 et
570 832 586 848 in
597 833 633 848 aliis
646 835 714 848 manent.
723 833 806 854 Siquidem
819 833 864 849 multi

491 857 529 873 dum
546 857 650 878 provectioris
665 858 708 873 siunt
722 858 778 876 estatis,
794 858 865 874 luxurias

491 882 566 902 pristinas
576 882 674 897 detestantur
683 887 702 898 ao
711 882 766 902 lugent
774 887 778 898 2
786 885 803 898 et
812 885 865 898 tamen

491 911 523 927 quo
535 906 606 922 seniores
617 906 665 925 liunt,
673 911 692 922 eo
704 907 740 927 plus
752 907 822 923 avaritia
833 909 865 923 stu-

491 931 534 946 dent.
550 931 591 946 Deus
606 935 670 951 quoque
686 935 717 947 non
733 931 799 947 dimittit
814 936 865 948 unorn

492 955 558 971 mortale
566 957 648 976 peccet-um
656 955 691 971 siue
698 956 734 971 aliis
743 956 822 972 universis
830 961 865 977 qun

491 980 547 995 insunt
555 984 559 995 ε
568 980 603 996 ideo
611 985 657 996 nemo
665 985 702 996 vere
711 985 730 996 ac
740 980 825 996 salubriter
833 985 865 1002 pm<

492 1005 531 1020 nitet
539 1004 558 1020 de
569 1009 606 1023 uuo,
614 1005 645 1020 nisi
653 1005 673 1020 de
682 1005 758 1020 omnihus
767 1005 800 1021 suis
809 1007 866 1021 morta-

492 1029 534 1045 libus
542 1029 619 1050 poeniteat
628 1029 685 1050 culpis.
693 1029 733 1045 Sunt
743 1030 791 1045 etiam
800 1030 865 1051 quidam

86 1055 167 1076 itorioque
180 1055 245 1073 honere,
256 1054 332 1075 quoniam
342 1057 405 1070 mternm
415 1054 463 1070 becti-
472 1056 484 1071 1)
491 1054 519 1074 qui
530 1054 588 1074 partim
600 1054 631 1070 Deo
642 1056 658 1070 et
669 1054 727 1074 partim
739 1054 799 1070 mundo
810 1055 866 1070 volunt

86 1079 150 1096 tudinis
160 1079 233 1095 mercede
243 1084 260 1095 se
270 1079 334 1100 privant
344 1084 372 1100 pro
382 1081 414 1095 tam
424 1084 464 1095 vane

86 1109 107 1120 ac
116 1104 172 1120 {rivola
183 1104 235 1122 laude,
243 1108 272 1124 pro
282 1104 366 1119 commodo
376 1106 408 1119 turn
418 1104 464 1119 cadu-

39 1139 46 1146 ι
71 1142 74 1145 Δ
86 1134 114 1145 co.
123 1129 162 1144 Hinc
172 1128 188 1144 in
201 1128 242 1144 libro
251 1128 280 1144 Joh
291 1128 369 1149 scriptum
380 1130 403 1144 est
412 1133 415 1144 :
424 1128 464 1144 Laus

15 1212 28 1223 ω.
32 1215 76 1223 nvn.

87 1154 177 1174 impiorum
185 1153 238 1169 brevis
246 1155 275 1172 est,
284 1155 300 1169 et
306 1153 382 1173 gaudium
391 1153 464 1174 hypocri-

87 1181 109 1194 ιω
123 1178 172 1193 instar
184 1178 244 1198 puncti⁴
257 1178 276 1193 Et
288 1182 343 1193 rursus
355 1177 371 1193 in
384 1177 424 1193 libro
435 1177 465 1193 sub

87 1203 149 1224 legitur
161 1207 164 1218 :
177 1202 257 1223 Numquid
270 1202 312 1218 Deus
324 1202 397 1218 exaudiet
409 1207 464 1218 vocem

87 1227 183 1249 hypocrite,
191 1232 242 1248 quum
254 1227 316 1243 venerit
328 1232 376 1248 super
388 1232 425 1243 eum
438 1232 465 1242 an·

87 1252 154 1273 gnstial
162 1252 218 1267 Omnia
225 1256 263 1272 ergo
270 1251 348 1267 sociamus
354 1251 424 1272 simplici
432 1256 466 1267 cor-

87 1278 110 1293 de
118 1277 137 1292 ad
145 1276 212 1297 gloriam
220 1276 253 1295 Dei,
260 1281 289 1297 pro
296 1276 394 1292 beatitudine
401 1278 464 1292 ieterna.

111 1301 185 1317 Secundo
191 1301 269 1317 debemus
279 1306 316 1317 oum
324 1301 386 1317 Christo
395 1306 466 1322 resurge-

86 1331 107 1343 re
118 1326 199 1344 velociter,
207 1328 224 1341 et
234 1330 265 1341 non
277 1326 320 1341 tarde
331 1325 373 1341 sicut
382 1326 410 1346 qui
420 1330 466 1342 suam

154 1359 171 1372 T.
180 1359 200 1372 2⁹.

492 1079 555 1099 placere
565 1083 568 1094 :
579 1078 604 1094 isti
617 1083 649 1095 nen
661 1081 698 1094 sunt
708 1084 745 1094 vere
757 1083 776 1095 ac
788 1079 866 1095 stabiliter

491 1103 536 1124 justi,
545 1108 574 1119 nec
586 1103 646 1124 integre
658 1105 772 1119 convertuntur
782 1104 802 1120 ad
814 1104 866 1120 Domi*

492 1133 536 1144 num.
549 1128 579 1144 Sed
591 1128 611 1144 de
622 1128 646 1144 eie
658 1128 674 1144 in
687 1128 726 1144 Osee
739 1128 817 1149 scriptum
829 1131 865 1145 est:

491 1153 563 1168 Divisum
575 1155 600 1168 est
609 1157 636 1169 cor
648 1157 708 1171 eorum,
718 1158 761 1169 nunc
771 1153 859 1169 interibunt

492 1177 568 1196 Quocirca
579 1177 638 1193 fatetur
648 1177 736 1198 Propheta:
746 1178 837 1194 Confitebor
847 1178 866 1194 ti—

492 1202 515 1220 bi,
523 1202 595 1221 Domine,
604 1202 620 1218 io
628 1204 661 1218 toto
671 1202 718 1218 corde
726 1207 771 1223 meo;
779 1205 795 1218 et
805 1208 865 1222 rursus,

492 1227 510 1242 In
526 1229 559 1243 toto
576 1227 623 1242 corde
640 1231 676 1243 meo
692 1227 771 1248 exquisivi
788 1230 808 1244 te.
826 1228 866 1243 Hinc

493 1252 564 1272 loquitur
572 1252 620 1267 Isains
629 1256 632 1267 z
641 1251 657 1267 Si
668 1252 744 1272 quaeritis,
754 1253 828 1273 qurerite;
836 1253 866 1269 hoc

493 1279 522 1295 est,
535 1276 549 1292 si
563 1281 600 1292 vere
614 1276 686 1297 quaeritis
700 1277 757 1296 Deum,
769 1277 867 1297 integraliter

493 1301 559 1322 quaerite
570 1306 612 1317 eum.

514 1325 572 1344 Quarto
581 1325 658 1341 debemus
667 1330 704 1341 cum
713 1325 775 1342 Christo
784 1330 867 1347 resurgere

788 1360 804 1373 ³⁴

875 641 923 654 Eccos,
926 641 936 654 ι,

869 657 880 668 ν.

876 714 915 725 ικιι.
922 718 937 727 ιι.

872 731 888 741 ιοΔ

880 1160 908 1171 oar
912 1163 923 1173 ι,
928 1161 939 1171 2.

879 1185 934 1198 Ριιια.

879 1233 899 1245 Ρι,
905 1236 940 1247 unu.

876 1265 892 1276 11⁴
896 1268 918 1279 ιιι]
923 1266 940 1276 n.
