1079 1569
18 644 46 655 luds
53 645 69 656 ιο.

18 718 46 730 ιοω.
52 719 68 729 1⁹.

18 1116 57 1124 σαι-ιι,
61 1115 77 1124 iv.

208 130 282 142 nonnum
293 130 304 141 ιι
314 130 351 142 Posr
361 129 426 141 rasmu-
436 134 456 137 —
466 130 487 141 AD
497 129 595 146 κΕιιῦΙοεοες
606 130 655 142 emo
666 130 739 143 surtinus

830 126 860 143 59³

84 177 130 192 rum;
143 177 199 193 pacem
212 172 269 188 habete
281 177 317 188 cum
330 172 367 188 illie.
378 172 411 191 Quo
423 172 459 188 bea-
466 172 479 187 Α
485 172 512 192 jus
519 172 627 193 supplanteris
635 173 744 193 inaidiis,quia
752 177 783 188 non
791 173 860 188 multum

83 197 146 212 tissimo
153 197 250 213 documento
257 197 391 218 patescitquanta
397 197 418 212 sit
425 197 459 212 illo-

84 226 118 237 rum
126 221 223 241 ingratitudo
230 223 277 242 atque
285 221 380 242 perversitas
388 221 459 237 Fratrum

83 246 111 266 qni
121 246 232 266 superioribus
241 246 275 261 suis
285 246 347 261 molesti
358 248 400 264 sunt,
410 246 459 266 impa—

84 270 147 288 tienter,
159 270 259 288 discorditer,
272 270 344 286 animose
356 275 373 285 se
386 270 459 285 hahendo

82 294 103 310 ad
118 294 159 313 illos,
172 297 200 310 aut
212 294 255 315 ipsos
268 299 288 310 ex
303 294 376 315 passione
388 294 458 313 vitando,

83 323 111 334 seu
121 318 220 334 officialibus
230 318 319 334 resistendo
327 324 331 335 z
339 319 382 339 quod
394 318 459 339 quidam

82 343 164 359 ambitiosi
174 345 190 358 et
198 343 284 364 prudentes
295 343 311 358 in
321 343 373 359 oculis
384 343 458 364 propriis,

83 368 135 383 facere
147 369 269 383 consueverunt.

103 393 160 411 Tertio,
168 392 204 408 ovis
211 392 270 408 animal
278 394 302 408 est
309 392 378 413 gregale,
388 397 460 408 mansue-

83 419 123 435 tum,
136 417 229 438 pacificum,
242 421 274 432 non
286 417 366 437 gulosum,
379 422 409 433 nec
421 417 459 433 deli-

83 443 143 460 catum,
153 442 180 457 sed
193 441 265 457 sobrium
276 446 295 457 ac
308 441 403 457 modestum.
414 442 459 460 Quod

486 196 534 212 distat
544 197 560 212 in
570 197 609 212 vitio
619 197 671 218 decipi
682 197 716 213 sive
726 197 804 218 decipere.

506 221 570 239 Quinto,
580 221 615 237 ovis
626 223 650 237 est
661 221 719 237 animal
732 221 825 237 naturaliter
835 227 861 243 pa-

486 245 542 261 vidum
549 250 567 261 ac
575 246 638 266 fugiens
648 246 709 266 lupum,
715 246 742 262 Sic
749 246 833 266 religiosus
840 246 861 262 sit

486 269 575 288 timoratus,
584 274 604 285 ne
615 270 717 286 infernalium
728 271 798 286 incurrat
805 271 861 286 dentes

487 294 567 314 luporum,
580 299 600 310 ne
613 294 726 310 tentationibus
738 297 828 315 superetur,
841 300 861 311 ne

486 323 495 334 a
505 319 557 339 primo
567 319 612 335 cadat
622 319 689 337 fervore,
698 324 719 335 ne
728 324 777 340 prava
786 320 861 335 socictate

486 345 513 358 aut
522 343 611 363 periculosa
621 343 729 359 familiaritate
739 344 805 359 laedatur
813 348 817 360 ε
826 349 861 365 pra-

486 372 505 383 va
516 372 585 388 namque
597 368 664 384 societas
675 368 763 389 plurimum
774 368 824 387 obest,
833 369 861 385 sed

486 392 550 408 incauta
559 392 658 409 familiaritas
668 393 732 413 gravius
740 395 792 409 nocet.
801 393 861 409 Idcirco

486 416 570 437 religiosus
582 417 620 433 felix
633 418 660 438 qui
676 422 740 438 semper
752 420 776 434 est
788 418 860 439 pavidus,

487 441 558 462 undique
570 442 701 463 circumspectus,
714 444 730 458 et
742 442 792 458 instar
804 442 861 458 Cheru-

83 468 135 482 totum
147 466 166 481 ad
178 470 243 482 omnem
255 468 316 486 spectat
328 466 426 486 religiosum,
438 471 459 482 ne
468 466 480 481 B
488 465 520 481 him
528 466 606 485 oculatus,
612 471 632 482 ne
640 467 685 482 cadat
694 467 709 482 in
718 467 745 482 Dei
754 467 838 485 offensam,
845 467 861 483 in

83 491 193 511 singularium
207 495 236 506 sua
248 490 301 506 turbet
313 493 416 509 conventum,
429 496 459 507 nec

83 515 178 536 partialitate
188 515 249 531 dividat
259 515 311 533 illum,
319 520 349 531 uec
359 520 405 531 suam
416 515 460 531 dese-

83 542 108 556 rat
118 540 234 558 collectionem,
245 540 273 556 sed
286 540 382 559 consoletur,
393 540 460 556 liabens-

83 569 115 585 que
123 564 214 585 simplicem
222 564 283 580 vietum
291 569 310 580 ac
320 565 415 583 necessaria,
423 569 460 581 con-

84 591 159 607 tentetur,
175 594 195 605 ue
211 589 252 605 inter
268 594 295 605 eus
311 591 426 605 annumeretur
439 589 459 605 de

83 613 143 634 quibus
156 614 172 629 in
187 618 216 629 sua
228 613 306 630 Canonica
317 614 365 629 ludas
379 614 459 634 apostolus

84 638 155 659 loquitur
166 643 169 654 :
180 638 199 654 Hi
213 640 250 654 sunt
261 640 390 657 murmuratores,
401 643 459 659 queru-

84 663 120 681 losi,
135 663 224 678 secuudum
239 663 318 678 desideria
334 668 363 679 sun
376 663 460 678 ambulan-

84 689 113 706 tes,
124 689 140 703 et
150 691 168 703 oe
180 692 236 703 eorum
249 688 320 708 loquitur
331 687 433 708 superbiam3
443 689 459 703 et

85 712 148 730 iterum,
164 712 182 727 Hi
197 712 264 732 (inquit)
278 714 315 728 sunt
331 712 359 733 qui
376 714 459 732 segregant

84 736 185 757 semetipsos,
199 736 281 755 animales,
294 737 371 757 Spiritum
386 741 417 752 non
432 736 459 752 ha-

84 761 145 777 beutes.

104 786 168 804 Quarto,
176 786 211 801 ovis
222 787 247 801 est
257 785 315 801 animal
326 785 372 801 valde
384 786 458 806 simplex,

84 810 136 831 pium,
144 810 206 831 patiens
215 815 233 826 ac
243 810 323 826 innocens*
332 810 358 826 Sic
367 810 459 830 religiosum

84 835 177 851 columbina
186 834 289 855 simplicitate
299 839 334 850 esse
344 836 406 855 oportet
415 839 460 850 orna>

84 861 161 878 tummim
170 859 236 880 vulpina
244 859 314 875 versutia
321 859 459 880 coopertum-,sin-

83 888 145 902 cerum,
156 888 188 899 non
201 883 328 903 fraudulentum
337 886 416 904 apertum,
427 888 459 899 non

83 908 171 929 sophistice
186 908 257 927 fantem;
273 908 313 923 nulli
328 910 418 926 nocentem,
431 908 459 924 sed

84 933 160 949 omnibus
168 937 197 953 pro
205 937 251 953 posse
258 932 376 953 proficientem,
384 935 400 948 et
407 932 458 953 pium,

84 957 211 975 misericordem,
224 957 348 978 compassivum,
359 961 391 973 non
403 957 459 973 crude-

84 982 123 1000 lem,
131 984 203 997 tenacem
211 984 227 997 et
234 982 298 997 durum.
306 982 419 997 Verumtamen
429 982 459 997 ista

84 1006 179 1028 simplicitas
187 1007 283 1022 discretione
291 1007 460 1027 regaturmircumspe·

84 1031 138 1047 ctione
152 1031 225 1050 valletur,
238 1031 320 1051 diligentia
334 1031 417 1052 sapientiae
431 1036 459 1047 cu-

488 490 521 506 vitii
535 490 602 509 foveam,
613 491 629 507 in
641 491 691 507 animi
704 491 821 507 relaxationem.
832 492 861 507 Pro

487 519 555 535 quorum
566 515 652 531 evitatione
663 516 747 534 malorum,
756 516 811 532 oculos
822 516 861 532 inte-

487 539 536 555 riores
550 540 609 560 jugiter
621 540 663 556 levet
674 540 693 556 ad
706 541 765 560 Regem
778 541 860 559 coelorum,

487 563 530 579 illius
546 564 645 585 implorando
660 565 770 583 directionem,
783 565 861 581 conforta-

487 588 552 607 tionem,
566 589 659 608 custodiam,
672 591 726 605 certus
738 590 776 610 quia
788 590 818 605 nisi
831 590 860 606 Do-

487 613 540 629 minus
550 613 654 629 oedificaverit
663 614 735 633 domum,
744 616 759 630 et
768 614 860 630 custodierit
875 618 877 621 ·

486 637 573 656 civitatem,
582 638 633 654 inanis
643 640 667 654 est
674 638 719 654 labor
727 641 785 654 noster.
793 648 814 650 —
821 639 861 655 Sunt

486 664 539 678 autem
552 664 568 678 et
580 662 615 678 alias
628 663 675 678 varim
687 663 742 678 ovium
756 663 860 684 proprietates

487 686 574 702 laudabiles
582 692 621 707 quas
630 687 688 703 imitari
696 687 781 707 debemus3
790 688 817 703 sed
825 692 861 709 pro>

487 711 564 727 lixitatem
575 711 633 729 vitans,
641 711 709 727 dimitto.

506 736 592 754 Postremo,
604 736 642 756 quia
653 738 685 752 tam
698 736 758 752 bonum
770 741 788 752 ac
801 736 860 752 fidelis-

468 760 546 777 Gsimum
560 760 730 781 amnrosissimumque
743 760 821 777 habemus
835 766 861 782 pa-

486 787 551 804 storem,
564 785 650 801 Dominum
664 786 718 801 lesum
733 786 819 804 Christum,
832 786 860 807 qui

486 810 556 825 animam
570 814 615 825 suam
628 810 682 830 posuit
694 814 723 830 pro
735 810 787 829 nobis,
800 815 861 831 nosque

487 834 573 855 praecessit,
584 836 600 850 et
610 839 639 850 nos
650 834 766 850 incessabiliter
776 835 795 850 ad
806 840 823 850 se
834 839 860 850 vo-

486 861 511 874 cat
516 863 520 874 z
526 861 611 880 propterea
617 863 655 874 eum
663 859 742 875 indefesse
749 860 861 879 sequamur-‚ei

486 883 624 904 obtemperemus5
634 888 662 904 per
670 883 712 899 viam
722 884 833 899 mandatorum
845 886 861 900 ot

486 908 560 930 semitam
571 908 680 927 consiliorum,
689 913 718 929 per
728 908 828 927 humilitatis,
836 913 861 924 so-

487 932 564 951 brietatis,
570 933 640 948 caritatis
648 933 704 948 itinera
712 933 834 953 proficiscamur
841 934 861 949 ad

487 957 545 978 ipsum.
554 957 685 978 Contemplemur
692 959 707 973 et
716 958 763 973 modo
773 963 802 978 per
811 958 860 974 fidem

487 982 574 1001 humiliter,
583 987 612 1003 per
619 982 678 998 donum
686 982 774 1003 sapientias,
780 982 861 999 infinitam

487 1007 629 1027 pulchritudinem,
642 1007 737 1023 immensam
752 1007 860 1026 dulcedinem,

487 1031 622 1047 interminabilem
630 1031 747 1050 excellentiam,
755 1031 859 1052 opulentiam,

84 1056 167 1074 stodiatur,
178 1060 199 1071 ne
209 1055 298 1076 periculose
309 1055 377 1071 fallatur,
388 1056 459 1077 Simplex
466 1057 479 1072 D
488 1055 616 1071 munificentiam
624 1056 687 1071 Domini
695 1056 723 1072 Dei
732 1056 787 1075 nostri,
795 1061 860 1072 omnem

85 1080 160 1101 equidem
175 1085 207 1096 non
222 1081 348 1101 circumspectus
362 1081 413 1097 credit
425 1085 459 1097 om—

85 1105 103 1121 ni
113 1105 167 1124 verbo,
178 1107 194 1121 et
204 1105 235 1121 cito
247 1105 332 1126 decipitur,
343 1110 393 1126 quum
405 1107 459 1121 temen

85 1130 131 1150 juxta
142 1130 246 1151 Scripturam,
257 1134 289 1146 non
303 1130 347 1146 omni
362 1130 425 1151 spiritui
439 1130 460 1146 sit

85 1154 189 1170 credendum.
200 1155 233 1171 lmu
245 1159 287 1175 sape
300 1155 338 1170 boni
351 1157 367 1170 et
377 1154 459 1175 simplices

85 1180 147 1195 Fratres
157 1184 167 1195 a
178 1179 240 1195 callidis
253 1181 268 1195 et
280 1179 359 1200 perversis
373 1179 413 1195 male
425 1179 459 1195 alli-

84 1204 155 1222 ciuntur,
164 1204 259 1220 inficiuntur
267 1209 286 1220 ac
295 1204 414 1220 subvertuntur.
423 1204 460 1220 ideo

85 1229 156 1249 loquitur
168 1228 266 1249 Augustinus
278 1233 281 1244 :
294 1229 354 1245 Habeto
366 1229 459 1249 simplicit»

85 1255 117 1269 tem
125 1253 239 1272 columbinam,
247 1258 267 1269 ne
275 1254 334 1269 malum
343 1253 391 1269 alicui
400 1253 459 1269 machi-

85 1277 134 1296 neris,
145 1279 161 1293 et
171 1278 279 1298 serpentinam
290 1278 370 1297 astutiam,
381 1283 401 1294 ne
411 1278 460 1294 alicu-

149 1359 166 1373 Τ.
174 1359 194 1373 29.

487 1080 599 1096 beatitudinem
605 1080 659 1101 ejus,et
665 1081 824 1101 supergloriosissimm
830 1081 863 1097 'Pti-

487 1105 541 1121 nitatis
550 1105 617 1125 gloriam
628 1109 692 1126 prorsus
703 1105 803 1124 immensam,
810 1108 863 1122 mutu-

486 1135 512 1146 am
520 1129 622 1146 intuitionem
629 1129 862 1150 superclarissimum,mutuam

487 1154 589 1170 dilectionem
605 1154 782 1175 superardentissimam
797 1155 861 1175 penitus

487 1179 573 1198 infinitam,
582 1181 654 1195 mutuam
664 1179 796 1200 complacentiam
807 1184 862 1201 super·

487 1204 631 1222 deliciosissimam,
640 1204 732 1220 fruitionem
740 1204 862 1225 superfelicisei-

487 1233 529 1244 mam
541 1233 544 1244 :
556 1228 611 1249 sicque
621 1228 679 1244 tuturae
690 1228 770 1244 felicitatis
781 1230 798 1244 et
807 1228 861 1249 glorias

487 1253 552 1268 delicias
565 1253 671 1274 praelibemus.
682 1252 705 1269 Ad
718 1253 781 1269 laudern
792 1255 807 1269 ct
818 1257 861 1269 reve-

487 1277 555 1293 rentiam
565 1277 687 1298 Omuipotentis.
695 1277 750 1293 Amen.

783 1361 799 1375 38
