1079 1569
218 129 292 146 ΜΙΙΉΝΞΑ
304 134 428 146 ΕΕΙἾἸΙΔΘΕΙἩΕ,
439 138 459 141 -·
469 134 557 146 mutuno
568 134 584 146 ΙἩ
594 134 692 146 ΠΔΝΕΒΙ-ΙΙΥΙ

813 129 841 146 ²9¹

74 177 106 193 dum
117 177 169 198 primi.
177 177 211 193 Non
221 177 265 193 enim
275 177 385 198 principaliter
395 177 443 197 respi-
450 176 463 192 Α
471 176 553 197 replicatio
561 177 629 198 propriae
637 181 727 195 causae,seu
734 177 844 193 admirationis

74 202 91 217 cit
97 202 139 218 Deus
147 202 167 218 ad
175 202 270 218 exteriorem
278 201 355 220 laborem,
363 206 392 217 seu
399 201 443 217 diffi-

73 226 149 245 cultatem,
157 229 184 242 aut
193 226 270 247 temporis
279 226 406 244 diuturnitatem,
415 226 442 241 sed

73 251 88 266 ad
97 251 189 267 interiorem
200 251 285 269 fervorem,
294 250 387 266 intentionis
398 250 443 266 recti<

73 276 143 294 tudinem,
152 276 205 292 cordis
216 275 317 294 munditiam,
326 280 355 296 per
365 280 413 296 quarn
423 275 443 291 fit

73 300 115 316 bomo
132 305 181 321 capax
199 300 266 316 visionis
282 300 347 316 divinae.
365 299 409 315 Unde
425 301 443 315 ut

74 325 86 341 S.
92 325 159 341 Thomas
168 324 240 341 affirmat
248 329 252 340 z
260 324 333 340 Caritatis
345 324 403 340 fervori
414 329 442 340 seu

74 349 162 370 perfectioni
172 349 286 370 correspondet
296 349 381 370 praemium
390 353 443 365 essen-

74 374 116 394 tiale3
128 374 221 390 difficultati
236 378 275 390 vcro
288 374 341 395 operis
356 374 394 389 boni
409 373 443 389 sive

75 399 124 417 labori,
133 399 217 420 praemium
224 398 327 414 accidentale.
336 398 376 414 Hinc
384 398 397 414 si
405 398 442 417 duo,

75 429 109 439 unus
117 423 249 444 perfectus,alter
256 423 366 444 imperfectus,
372 423 414 438 idem
422 423 443 438 fa-

74 449 112 464 ciunt
120 453 161 469 opus
171 448 236 466 bonum,
245 448 318 469 quumvis
327 447 353 463 ille
362 447 443 468 perlectus

470 201 533 222 eruptio
548 202 635 222 procedens
650 206 669 217 ex
684 201 717 217 zelo
731 202 803 222 justitias,
816 206 844 222 per

470 226 536 241 modum
547 226 678 242 murmurationis
688 231 705 242 se
715 226 781 244 habens,
789 231 844 247 queru-

469 250 555 266 admodum
564 250 605 266 inter
611 250 676 270 angelos
683 252 752 269 sanctos,
757 251 844 266 secundum

469 275 486 290 B.
495 275 594 295 Gregorium,
605 275 687 293 Tuom-m,
698 280 716 291 ae
727 275 766 291 alios
779 275 843 294 multos,

469 299 528 315 dicitur
535 304 570 315 esse
578 304 631 320 pugna
639 304 658 315 ac
666 300 762 318 resistentia,
771 299 843 316 Gabriele

470 324 531 340 Danieli
541 324 610 342 dicente,
620 324 696 345 Princeps
706 324 789 340 Persarum
800 324 845 340 resti-
853 328 917 342 oui-nu.

469 348 489 364 tit
497 348 536 364 mibi
545 353 549 364 z
557 349 599 369 quod
608 349 669 369 praefati
678 349 752 365 Doctores
761 349 780 365 de
788 349 844 370 angelo
850 345 868 356 ’θ’
890 358 894 363 -

470 375 525 389 sancto
537 373 619 389 Persarum
630 374 703 395 principe
713 379 732 389 ac
742 374 808 390 custode
817 379 844 390 ex-

470 400 536 419 ponunt.
545 398 623 414 Dicuntur
633 399 686 419 itaque
697 403 810 418 murmurasse,
819 399 844 415 vel

470 422 508 443 quia
520 422 613 438 dilationem
626 423 680 443 gloriae
691 423 763 439 dolenter
775 424 844 439 sustinu-

470 449 522 465 erunt,
531 447 620 463 secundum
631 447 731 468 (ir-ogerium,
742 448 766 463 vel
778 448 816 468 quie
825 448 845 464 da

74 473 115 489 faciat
130 477 171 494 opus
187 473 217 489 hoc
233 477 270 488 cum
286 472 346 493 ingenti
362 472 443 488 alacritate
452 472 580 492 Bmagnitudine
593 472 692 488 liberalitatis
706 472 770 491 divinte.
783 474 845 488 tantum

74 500 87 513 et
96 497 154 518 absque
164 497 265 515 difficultate,
274 497 378 518 imperfectus
389 499 442 512 nutem

74 527 106 538 eum
112 522 168 543 grandi
177 522 274 538 difficultate
283 526 287 538 ς
296 521 346 537 nihilo
354 522 408 537 minus
416 521 443 537 ille

74 546 149 567 perfectus
157 547 208 562 multo
215 547 252 567 plus
260 547 280 562 de
287 546 368 562 essentiali
378 546 444 567 praemio

74 573 169 592 promeretur
181 576 229 592 quarn
244 571 354 592 imperfectus,
368 570 444 591 quoniam

74 600 91 611 ex
102 596 157 616 majori
170 596 235 612 caritate
247 596 277 611 hoc
289 596 329 616 agit3
340 595 444 616 imperfectus

74 625 108 636 vero
115 621 134 636 de
143 620 237 636 accidentali
248 621 313 641 proeruio
323 620 359 641 plus
370 622 444 638 meretur,

74 645 99 661 sed
106 645 187 666 praemium
194 645 225 661 boe
232 645 349 665 comparatione
356 644 445 661 essentialis

74 670 131 690 pmmii
143 670 189 690 quasi
202 669 262 685 nullius
274 671 349 685 censetur
361 669 443 685 momenti⁴

74 694 109 710 l⁴linc
120 699 184 715 semper
196 694 250 710 conari
261 694 338 710 debemus
350 696 367 709 ut
378 694 394 709 iu
406 694 445 709 cari-

73 721 102 734 tate
116 723 213 737 crescamus,
225 721 242 735 et
253 723 272 734 ea
285 719 319 739 ipsa
333 723 368 739 quae
383 718 445 739 agimus

73 743 114 762 bona.
119 745 194 764 prompto
202 744 296 764 sinceroque
304 743 357 759 animo
365 743 444 759 faciamus.

471 496 549 512 mercedis
562 496 609 512 dante
621 497 713 512 novissimis
724 496 766 512 sieut
778 497 807 515 eis,
819 502 845 513 ve-

471 521 554 537 hementer
569 521 651 537 mirantur.
665 521 718 537 Nihilo
730 521 783 537 minus
797 526 845 537 unus-

471 546 539 566 quisque
550 546 634 562 Bealorum
644 546 663 562 de
674 551 703 562 sua
714 546 764 567 gloria
775 546 845 567 plenarie

471 573 576 586 contentetur⁴
582 571 653 592 Denique
660 571 702 586 sicut
710 571 740 587 hoc
748 571 782 587 loco
790 571 846 587 scribit

472 595 598 616 Ghrysostomus,
607 600 638 611 uon
649 598 711 616 oportet
720 601 739 612 ea
748 601 783 617 quoe
794 596 809 612 in
821 601 847 617 pa-

472 620 531 636 rabolis
543 620 623 639 dicuntur,
637 621 725 636 seeundum
740 622 791 636 toturn
803 621 846 641 quod

472 645 531 660 dicitur
542 645 642 665 investigare,
653 645 681 661 sed
693 645 798 661 intentionem
811 650 847 666 pro-

473 671 508 690 pter
518 674 566 690 quam
576 670 669 690 composita
680 671 717 685 sunt
728 670 823 690 intelligere,
831 672 847 686 et

473 694 513 709 nihil
522 694 564 709 ultra
573 694 645 709 sei-utari⁴
654 694 688 710 Non
697 699 734 714 ergo
743 694 805 710 inducit
813 694 847 711 haic

473 718 545 734 Christus
553 720 570 734 ul
578 718 650 734 ostendat
658 718 720 739 aliquos
729 718 813 735 beatorum
824 719 847 735 in-

473 743 516 758 vidia
528 745 583 761 tactos,
596 743 624 759 sed
639 745 656 758 ut
667 743 740 759 ostendet
752 744 847 760 novissimos

90 769 111 784 Ει
120 769 218 788 accipientes
227 768 275 789 primi
286 767 357 788 singulos
365 768 444 786 denarios,
455 767 466 783 C
473 769 517 783 tauto
528 767 587 783 honore
597 767 661 788 potitos,
672 768 714 788 quod
726 768 801 784 invidiam
812 768 848 784 eliis

72 793 111 808 sicut
125 793 216 813 expositum
231 794 260 811 est,
275 793 402 808 murmurabant
417 793 445 807 ad-

72 823 126 833 cursu-i
135 818 282 837 patremfamilias,
290 819 345 837 utpote
355 817 411 835 Deum,
420 817 445 832 di*

72 845 123 857 centes
130 847 136 857 .·
144 843 168 858 Hi
175 842 261 857 novissimi
270 847 305 857 uua
314 842 355 857 lwra
363 842 445 861 fecerunt,

72 867 87 882 id
98 869 127 886 est,
136 867 199 882 modico
210 868 282 887 tempore
293 866 309 882 in
321 866 392 882 Ecclesia
403 866 445 882 labo-

71 893 155 911 raven-unu
167 893 182 906 et
192 896 242 910 pares
254 891 291 906 illos
303 891 349 906 nobis
359 891 415 910 fecisti
429 890 445 906 in

71 916 143 936 proernio,
153 916 183 936 qun'
192 916 295 935 portavimus
303 916 369 934 pondua
379 915 419 933 diei,
430 915 445 931 id

70 942 98 959 est,
106 945 164 961 graves
171 940 248 961 temporis
258 940 300 960 longi
311 939 372 955 labores
380 941 396 955 et
404 939 446 955 labo-

70 965 119 981 riosos
126 965 194 986 justitiis
201 964 303 981 exercuimus
310 966 360 983 actua,
369 966 383 979 et
391 967 445 982 oestus,

69 990 85 1005 id
96 992 122 1006 est
135 989 207 1011 poenales
218 989 314 1005 tentationes
325 991 341 1004 et
352 989 444 1005 anxietates.

88 1014 136 1030 Circa
150 1014 184 1030 luec
195 1014 255 1035 duplex
267 1016 291 1029 est
303 1013 374 1034 quaestio.
387 1013 445 1032 Primo,

69 1039 139 1060 qualiter
155 1039 171 1055 in
184 1039 240 1055 electis
251 1040 267 1054 et
278 1038 345 1057 Sanctis,
359 1038 375 1054 iu
387 1038 446 1059 quibus

473 794 534 812 poterat
541 797 622 812 generare,
631 792 706 808 videlicet
714 793 803 809 secundum
814 797 848 809 sen-

473 821 509 832 sum
516 816 613 836 humanum3
619 817 647 832 sed
654 817 724 833 caritatis
733 817 810 838 perfectio
817 822 849 833 om—

473 846 510 857 nem
521 846 530 857 a
539 841 591 857 Beatis
602 842 673 857 excludit
684 842 767 858 invidiam.

493 866 516 882 Ad
528 866 572 882 aliud
588 866 699 887 respondetur,
711 867 754 887 quod
768 867 795 883 illa
807 867 847 883 msti-

474 891 522 906 matio
535 895 566 907 non
579 893 603 906 est
614 891 706 907 assertionis
718 896 771 912 neque
783 892 847 911 erroris,

473 916 500 931 sed
510 915 593 936 cujusdam
605 915 683 936 simplicis
694 916 791 935 nescientioe,
799 921 847 937 quam

473 942 489 956 et
501 940 517 956 Β.
529 940 613 961 Dionysius
626 940 642 956 in
653 940 712 956 sanctis
724 940 784 961 augelis
796 941 847 961 ponit,
867 948 883 960 n.
891 948 921 960 uu,

473 970 483 981 a
490 969 521 986 qua
528 970 537 980 a
545 964 654 986 superioribus
663 965 746 981 inferiores
754 967 847 986 purgantur,
855 964 882 975 Μ*
888 967 917 975 Μ’·

473 995 482 1005 a
490 989 548 1010 quibus
556 989 576 1005 de
583 989 664 1010 aliquibus
673 990 740 1005 occultis
750 990 776 1006 Dei
786 990 848 1006 effecti-

474 1014 504 1030 bus
516 1016 564 1035 etque
576 1014 655 1035 mysteriis
668 1014 783 1031 illuminantur.
794 1015 847 1031 Sancti

474 1041 527 1055 autern
535 1039 551 1054 in
560 1038 611 1059 patria
620 1043 651 1054 uon
659 1041 790 1059 priecoguoscunt
797 1040 846 1056 deter-

69 1069 134 1080 summa
142 1064 200 1079 caritas
207 1065 223 1079 et
230 1068 261 1084 pax
268 1065 297 1082 est,
301 1063 404 1079 murmuratio
411 1063 445 1082 erit,
454 1063 467 1080 D
474 1064 533 1079 minate
544 1065 621 1084 quantum
631 1063 735 1079 beatitudinis
743 1064 811 1085 quilibet
821 1064 848 1080 bo-

69 1089 174 1109 potissimum
187 1090 242 1104 contra
254 1088 310 1106 Deum,
323 1088 369 1108 cujus
380 1088 447 1108 justitia

68 1114 137 1129 omnino
150 1115 187 1129 sunt
199 1113 299 1131 conformati,
312 1112 353 1128 sicut
365 1114 381 1128 et
392 1112 447 1128 volun-

67 1139 108 1154 mit
119 1138 201 1156 Secundo,
210 1137 278 1158 qualiter
287 1137 335 1158 primi
345 1137 447 1153 aestimabunt

67 1167 84 1178 se
91 1161 129 1184 plus
136 1164 232 1183 accepturos
240 1166 287 1183 quam
296 1162 447 1183 novissimos,quum

67 1188 83 1204 in
91 1188 140 1209 ipsis,
150 1189 206 1208 utpote
213 1187 271 1206 Beatis,
279 1191 323 1203 error
331 1191 365 1202 esse
373 1191 404 1202 non
412 1191 447 1207 pos·

67 1213 132 1231 sit,imo
141 1216 185 1228 nunc
193 1212 246 1227 sciunt
254 1213 269 1227 et
277 1213 397 1232 praeagnoscuut
404 1211 446 1232 quod

67 1242 99 1253 non
107 1237 148 1258 plus
156 1236 242 1257 accipient,
247 1240 297 1257 quum
305 1238 320 1251 et
328 1240 357 1252 nos
364 1236 394 1251 hoc
401 1240 448 1256 agno—

67 1267 133 1277 scamus
141 1262 149 1277 2

87 1286 203 1307 Respondetur
211 1286 231 1301 ad
239 1285 316 1306 primum,
324 1286 366 1306 quod
377 1290 448 1301 murmu-

67 1311 107 1327 ratio
122 1311 153 1327 illn
168 1315 200 1326 non
212 1310 243 1326 erit
255 1310 331 1328 rancoris,
344 1310 448 1331 impatientis

66 1338 94 1352 aut
102 1335 239 1357 perturbationis,
247 1335 275 1350 sed
282 1335 368 1350 vehemens
376 1335 448 1355 quaedam

475 1088 536 1104 minum
547 1088 634 1104 electorum
645 1088 715 1104 finaliter
724 1088 808 1107 obtinebit,
816 1089 848 1105 nisi

474 1113 540 1134 speciali
551 1117 571 1128 ex
583 1117 631 1128 causa
643 1117 671 1128 seu
682 1113 733 1133 gratia
745 1113 768 1129 eis
779 1114 848 1135 desuper

474 1137 558 1153 reveletur*
567 1137 653 1155 Postremo,
661 1138 735 1158 quamvis
744 1137 787 1153 Beati
797 1138 848 1154 sciant

474 1162 491 1178 in
501 1162 571 1183 generali
583 1162 605 1178 sie
617 1167 652 1178 esse
662 1162 742 1181 futurum,
752 1167 783 1178 non
794 1165 847 1179 tamen

474 1187 491 1203 in
502 1187 593 1208 particulari
605 1187 620 1202 in
631 1187 691 1207 quibus
702 1187 724 1203 ite
734 1187 801 1203 eveniet.

493 1212 516 1227 At
528 1212 563 1229 ille>
575 1211 636 1227 scilicet
652 1212 771 1232 paterfamilias,
784 1217 848 1232 reapon-

474 1237 514 1252 dens
521 1237 553 1251 uni
559 1241 621 1254 eorum,
627 1236 701 1252 videlicet
708 1237 847 1256 murmurantium,

474 1261 525 1276 dixit.
534 1261 553 1276 Et
562 1261 605 1281 quod
616 1261 650 1279 uni,
658 1261 688 1277 hoc
698 1261 773 1277 omnibus
783 1262 815 1277 illis
825 1262 848 1278 di-

475 1286 503 1304 xit,
516 1287 563 1306 atque
578 1285 594 1301 in
610 1290 641 1301 uno
653 1286 715 1301 cunetis
731 1286 820 1307 respondit3
833 1288 849 1302 et

476 1312 527 1331 potest
543 1315 571 1331 per
585 1315 636 1326 unurn
650 1310 698 1326 istum
714 1310 781 1331 intelligi
796 1311 848 1327 Proto-

476 1335 542 1356 plastus.
552 1335 615 1352 Amice,
625 1340 658 1350 non
669 1335 712 1354 facio
725 1336 761 1353 tibi,
772 1340 801 1351 nec
813 1336 848 1353 aliis
