<?xml version="1.0" encoding="UTF-8"?>
<!DOCTYPE html PUBLIC "-//W3C//DTD XHTML 1.0 Transitional//EN"
    "http://www.w3.org/TR/xhtml1/DTD/xhtml1-transitional.dtd">
<html xmlns="http://www.w3.org/1999/xhtml" xml:lang="en" lang="en">
 <head>
  <title>
</title>
<meta http-equiv="Content-Type" content="text/html;charset=utf-8" />
  <meta name='ocr-system' content='tesseract 3.04.00' />
  <meta name='ocr-capabilities' content='ocr_page ocr_carea ocr_par ocr_line ocrx_word'/>
</head>
<body>
  <div class='ocr_page' id='page_1' title='image "./doctorisecstati07unkngoog_0403.png"; bbox 0 0 1079 1569; ppageno 0'>
   <div class='ocr_carea' id='block_1_1' title="bbox 246 117 828 136">
    <p class='ocr_par' dir='ltr' id='par_1_1' title="bbox 246 117 828 136">
     <span class='ocr_line' id='line_1_1' title="bbox 246 117 828 136; baseline -0.002 -2"><span class='ocrx_word' id='word_1_1' title='bbox 246 117 277 134; x_wconf 77' lang='lat'>372</span> <span class='ocrx_word' id='word_1_2' title='bbox 444 122 518 134; x_wconf 67' lang='lat' dir='ltr'>nonnum</span> <span class='ocrx_word' id='word_1_3' title='bbox 529 122 534 133; x_wconf 92' lang='lat'>1</span> <span class='ocrx_word' id='word_1_4' title='bbox 545 121 672 136; x_wconf 58' lang='lat' dir='ltr'>unsnmossiu..</span> <span class='ocrx_word' id='word_1_5' title='bbox 682 126 703 129; x_wconf 90' lang='lat'>—</span> <span class='ocrx_word' id='word_1_6' title='bbox 713 121 763 133; x_wconf 74' lang='lat' dir='ltr'>senno</span> <span class='ocrx_word' id='word_1_7' title='bbox 773 121 828 133; x_wconf 73' lang='lat' dir='ltr'>enixus</span> 
     </span>
    </p>
   </div>
   <div class='ocr_carea' id='block_1_2' title="bbox 247 163 1008 186">
    <p class='ocr_par' dir='ltr' id='par_1_2' title="bbox 247 163 1008 186">
     <span class='ocr_line' id='line_1_2' title="bbox 247 163 1008 186; baseline -0.001 -6"><span class='ocrx_word' id='word_1_8' title='bbox 247 170 256 180; x_wconf 75' lang='grc' dir='ltr'>αι</span> <span class='ocrx_word' id='word_1_9' title='bbox 264 167 327 186; x_wconf 86' lang='lat' dir='ltr'>tempus</span> <span class='ocrx_word' id='word_1_10' title='bbox 337 164 435 186; x_wconf 79' lang='lat' dir='ltr'>acceptabile</span> <span class='ocrx_word' id='word_1_11' title='bbox 442 170 451 180; x_wconf 63' lang='grc' dir='ltr'>ι</span> <span class='ocrx_word' id='word_1_12' title='bbox 459 165 553 186; x_wconf 80' lang='lat' dir='ltr'>appellatur.</span> <span class='ocrx_word' id='word_1_13' title='bbox 562 164 620 183; x_wconf 82' lang='lat' dir='ltr'>Primo,</span> <span class='ocrx_word' id='word_1_14' title='bbox 628 165 641 181; x_wconf 80' lang='grc' dir='ltr'>Α</span> <span class='ocrx_word' id='word_1_15' title='bbox 649 164 734 180; x_wconf 80' lang='lat' dir='ltr'>ricordiam</span> <span class='ocrx_word' id='word_1_16' title='bbox 748 164 781 182; x_wconf 87' lang='lat' dir='ltr'>Dei,</span> <span class='ocrx_word' id='word_1_17' title='bbox 795 164 870 180; x_wconf 83' lang='lat' dir='ltr'>meritum</span> <span class='ocrx_word' id='word_1_18' title='bbox 882 163 946 182; x_wconf 86' lang='lat' dir='ltr'>Christi,</span> <span class='ocrx_word' id='word_1_19' title='bbox 958 163 1008 184; x_wconf 79' lang='lat' dir='ltr'>angelos</span> 
     </span>
    </p>
   </div>
   <div class='ocr_carea' id='block_1_3' title="bbox 245 189 622 382">
    <p class='ocr_par' dir='ltr' id='par_1_3' title="bbox 245 189 622 382">
     <span class='ocr_line' id='line_1_3' title="bbox 246 189 622 210; baseline 0 -5"><span class='ocrx_word' id='word_1_20' title='bbox 246 190 285 210; x_wconf 81' lang='lat' dir='ltr'>quia</span> <span class='ocrx_word' id='word_1_21' title='bbox 292 189 308 205; x_wconf 93' lang='lat' dir='ltr'>in</span> <span class='ocrx_word' id='word_1_22' title='bbox 316 194 335 205; x_wconf 83' lang='lat' dir='ltr'>eo</span> <span class='ocrx_word' id='word_1_23' title='bbox 342 189 451 206; x_wconf 70' lang='lat' dir='ltr'>misericordia</span> <span class='ocrx_word' id='word_1_24' title='bbox 458 189 486 205; x_wconf 82' lang='lat' dir='ltr'>Dei</span> <span class='ocrx_word' id='word_1_25' title='bbox 495 189 588 205; x_wconf 87' lang='lat' dir='ltr'>bominibus</span> <span class='ocrx_word' id='word_1_26' title='bbox 596 194 622 205; x_wconf 82' lang='lat' dir='ltr'>eo-</span> 
     </span>
     <span class='ocr_line' id='line_1_4' title="bbox 246 214 621 235; baseline -0.003 -5"><span class='ocrx_word' id='word_1_27' title='bbox 246 214 337 235; x_wconf 79' lang='lat' dir='ltr'>piosissime</span> <span class='ocrx_word' id='word_1_28' title='bbox 344 216 368 230; x_wconf 63' lang='lat' dir='ltr'>est</span> <span class='ocrx_word' id='word_1_29' title='bbox 376 214 452 234; x_wconf 78' lang='lat' dir='ltr'>impensa,</span> <span class='ocrx_word' id='word_1_30' title='bbox 457 216 473 229; x_wconf 85' lang='lat' dir='ltr'>et</span> <span class='ocrx_word' id='word_1_31' title='bbox 480 218 542 234; x_wconf 87' lang='lat' dir='ltr'>semper</span> <span class='ocrx_word' id='word_1_32' title='bbox 550 214 621 234; x_wconf 89' lang='lat' dir='ltr'>impendi</span> 
     </span>
     <span class='ocr_line' id='line_1_5' title="bbox 245 238 621 260; baseline 0 -6"><span class='ocrx_word' id='word_1_33' title='bbox 245 241 304 260; x_wconf 71' lang='lat' dir='ltr'>parata.</span> <span class='ocrx_word' id='word_1_34' title='bbox 313 239 391 257; x_wconf 81' lang='lat' dir='ltr'>Secundo,</span> <span class='ocrx_word' id='word_1_35' title='bbox 400 239 475 259; x_wconf 83' lang='lat' dir='ltr'>quoniam</span> <span class='ocrx_word' id='word_1_36' title='bbox 485 238 501 254; x_wconf 94' lang='lat' dir='ltr'>in</span> <span class='ocrx_word' id='word_1_37' title='bbox 509 240 582 259; x_wconf 78' lang='lat' dir='ltr'>tempore</span> <span class='ocrx_word' id='word_1_38' title='bbox 590 238 621 254; x_wconf 76' lang='lat' dir='ltr'>isto</span> 
     </span>
     <span class='ocr_line' id='line_1_6' title="bbox 246 263 621 284; baseline 0 -5"><span class='ocrx_word' id='word_1_39' title='bbox 246 263 317 280; x_wconf 84' lang='lat' dir='ltr'>Christus</span> <span class='ocrx_word' id='word_1_40' title='bbox 325 268 354 284; x_wconf 89' lang='lat' dir='ltr'>pro</span> <span class='ocrx_word' id='word_1_41' title='bbox 361 263 454 279; x_wconf 85' lang='lat' dir='ltr'>homiuibus</span> <span class='ocrx_word' id='word_1_42' title='bbox 462 263 551 279; x_wconf 73' lang='lat' dir='ltr'>incarnatus</span> <span class='ocrx_word' id='word_1_43' title='bbox 559 265 575 279; x_wconf 84' lang='lat' dir='ltr'>et</span> <span class='ocrx_word' id='word_1_44' title='bbox 582 267 621 279; x_wconf 84' lang='lat' dir='ltr'>inor-</span> 
     </span>
     <span class='ocr_line' id='line_1_7' title="bbox 246 288 621 309; baseline -0.003 -5"><span class='ocrx_word' id='word_1_45' title='bbox 246 290 283 304; x_wconf 74' lang='lat' dir='ltr'>tuus</span> <span class='ocrx_word' id='word_1_46' title='bbox 290 290 319 307; x_wconf 79' lang='lat' dir='ltr'>est,</span> <span class='ocrx_word' id='word_1_47' title='bbox 327 293 392 309; x_wconf 77' lang='lat' dir='ltr'>suaeque</span> <span class='ocrx_word' id='word_1_48' title='bbox 400 288 525 304; x_wconf 80' lang='lat' dir='ltr'>conversationis</span> <span class='ocrx_word' id='word_1_49' title='bbox 535 288 552 304; x_wconf 88' lang='lat' dir='ltr'>in</span> <span class='ocrx_word' id='word_1_50' title='bbox 563 288 621 304; x_wconf 68' lang='lat' dir='ltr'>saeculo</span> 
     </span>
     <span class='ocr_line' id='line_1_8' title="bbox 246 312 621 333; baseline 0 -5"><span class='ocrx_word' id='word_1_51' title='bbox 246 313 276 329; x_wconf 87' lang='lat' dir='ltr'>isto</span> <span class='ocrx_word' id='word_1_52' title='bbox 288 317 307 328; x_wconf 85' lang='lat' dir='ltr'>ac</span> <span class='ocrx_word' id='word_1_53' title='bbox 318 312 397 333; x_wconf 81' lang='lat' dir='ltr'>passionis</span> <span class='ocrx_word' id='word_1_54' title='bbox 410 313 485 328; x_wconf 90' lang='lat' dir='ltr'>meritum</span> <span class='ocrx_word' id='word_1_55' title='bbox 497 312 591 328; x_wconf 83' lang='lat' dir='ltr'>horninibus</span> <span class='ocrx_word' id='word_1_56' title='bbox 603 312 621 328; x_wconf 95' lang='lat' dir='ltr'>li-</span> 
     </span>
     <span class='ocr_line' id='line_1_9' title="bbox 246 337 620 356; baseline -0.003 -3"><span class='ocrx_word' id='word_1_57' title='bbox 246 337 345 353; x_wconf 74' lang='lat' dir='ltr'>beralissimc</span> <span class='ocrx_word' id='word_1_58' title='bbox 353 337 483 356; x_wconf 72' lang='lat' dir='ltr'>oommunieavit,</span> <span class='ocrx_word' id='word_1_59' title='bbox 489 339 505 353; x_wconf 84' lang='lat' dir='ltr'>et</span> <span class='ocrx_word' id='word_1_60' title='bbox 512 337 620 353; x_wconf 78' lang='lat' dir='ltr'>communica-</span> 
     </span>
     <span class='ocr_line' id='line_1_10' title="bbox 246 361 620 382; baseline 0 -5"><span class='ocrx_word' id='word_1_61' title='bbox 246 366 263 377; x_wconf 85' lang='lat' dir='ltr'>re</span> <span class='ocrx_word' id='word_1_62' title='bbox 275 363 325 377; x_wconf 72' lang='lat' dir='ltr'>exstet</span> <span class='ocrx_word' id='word_1_63' title='bbox 337 361 473 382; x_wconf 74' lang='lat' dir='ltr'>promptissimus,</span> <span class='ocrx_word' id='word_1_64' title='bbox 484 361 620 382; x_wconf 75' lang='lat' dir='ltr'><strong>quemadmodum</strong></span> 
     </span>
    </p>
   </div>
   <div class='ocr_carea' id='block_1_4' title="bbox 172 386 620 407">
    <p class='ocr_par' dir='ltr' id='par_1_4' title="bbox 172 386 620 407">
     <span class='ocr_line' id='line_1_11' title="bbox 172 386 620 407; baseline -0.004 -3"><span class='ocrx_word' id='word_1_65' title='bbox 172 386 263 407; x_wconf 60' lang='grc' dir='ltr'>Λρκιιῳιιίιι</span> <span class='ocrx_word' id='word_1_66' title='bbox 275 386 370 407; x_wconf 73' lang='lat' dir='ltr'>Apocalypsi</span> <span class='ocrx_word' id='word_1_67' title='bbox 383 386 454 407; x_wconf 84' lang='lat' dir='ltr'>loquitur</span> <span class='ocrx_word' id='word_1_68' title='bbox 466 391 470 402; x_wconf 84' lang='lat' dir='ltr'>z</span> <span class='ocrx_word' id='word_1_69' title='bbox 483 386 516 407; x_wconf 79' lang='lat' dir='ltr'>Ego</span> <span class='ocrx_word' id='word_1_70' title='bbox 528 388 552 402; x_wconf 88' lang='lat' dir='ltr'>sto</span> <span class='ocrx_word' id='word_1_71' title='bbox 564 386 584 402; x_wconf 86' lang='lat' dir='ltr'>ad</span> <span class='ocrx_word' id='word_1_72' title='bbox 596 390 620 402; x_wconf 86' lang='lat' dir='ltr'>os-</span> 
     </span>
    </p>
   </div>
   <div class='ocr_carea' id='block_1_5' title="bbox 245 410 619 432">
    <p class='ocr_par' dir='ltr' id='par_1_5' title="bbox 245 410 619 432">
     <span class='ocr_line' id='line_1_12' title="bbox 245 410 619 432; baseline 0 -6"><span class='ocrx_word' id='word_1_73' title='bbox 245 411 292 430; x_wconf 82' lang='lat' dir='ltr'>tium</span> <span class='ocrx_word' id='word_1_74' title='bbox 305 413 321 427; x_wconf 85' lang='lat' dir='ltr'>et</span> <span class='ocrx_word' id='word_1_75' title='bbox 333 411 389 432; x_wconf 79' lang='lat' dir='ltr'>pulso;</span> <span class='ocrx_word' id='word_1_76' title='bbox 401 411 415 426; x_wconf 86' lang='lat' dir='ltr'>si</span> <span class='ocrx_word' id='word_1_77' title='bbox 427 411 464 431; x_wconf 88' lang='lat' dir='ltr'>quis</span> <span class='ocrx_word' id='word_1_78' title='bbox 478 411 559 431; x_wconf 85' lang='lat' dir='ltr'>aperuerit</span> <span class='ocrx_word' id='word_1_79' title='bbox 572 410 619 429; x_wconf 74' lang='lat' dir='ltr'>inihi,</span> 
     </span>
    </p>
   </div>
   <div class='ocr_carea' id='block_1_6' title="bbox 178 435 1012 481">
    <p class='ocr_par' dir='ltr' id='par_1_6' title="bbox 178 435 1007 481">
     <span class='ocr_line' id='line_1_13' title="bbox 178 435 620 456; baseline 0.005 -7"><span class='ocrx_word' id='word_1_80' title='bbox 178 438 223 450; x_wconf 69' lang='grc' dir='ltr'>ἰο-ιι</span> <span class='ocrx_word' id='word_1_81' title='bbox 216 442 237 452; x_wconf 73' lang='grc' dir='ltr'>ιω.</span> <span class='ocrx_word' id='word_1_82' title='bbox 245 435 308 451; x_wconf 81' lang='lat' dir='ltr'>intrabo</span> <span class='ocrx_word' id='word_1_83' title='bbox 314 435 334 451; x_wconf 84' lang='lat' dir='ltr'>ad</span> <span class='ocrx_word' id='word_1_84' title='bbox 342 435 393 451; x_wconf 91' lang='lat' dir='ltr'>illum</span> <span class='ocrx_word' id='word_1_85' title='bbox 400 435 471 451; x_wconf 82' lang='lat' dir='ltr'>Christus</span> <span class='ocrx_word' id='word_1_86' title='bbox 479 439 548 456; x_wconf 80' lang='lat' dir='ltr'>quoque,</span> <span class='ocrx_word' id='word_1_87' title='bbox 557 437 575 451; x_wconf 85' lang='grc' dir='ltr'>ιιι</span> <span class='ocrx_word' id='word_1_88' title='bbox 581 435 620 451; x_wconf 83' lang='lat' dir='ltr'>Pau-</span> 
     </span>
     <span class='ocr_line' id='line_1_14' title="bbox 245 459 1012 481; baseline -0.003 -5"><span class='ocrx_word' id='word_1_89' title='bbox 245 460 270 476; x_wconf 90' lang='lat' dir='ltr'>lus</span> <span class='ocrx_word' id='word_1_90' title='bbox 277 462 349 478; x_wconf 77' lang='lat' dir='ltr'>testatur</span> <span class='ocrx_word' id='word_1_91' title='bbox 357 460 449 481; x_wconf 69' lang='lat' dir='ltr'>interpellat</span> <span class='ocrx_word' id='word_1_92' title='bbox 457 464 486 480; x_wconf 89' lang='lat' dir='ltr'>pro</span> <span class='ocrx_word' id='word_1_93' title='bbox 494 460 546 476; x_wconf 86' lang='lat' dir='ltr'>nobis</span> <span class='ocrx_word' id='word_1_94' title='bbox 554 460 620 480; x_wconf 85' lang='lat' dir='ltr'>Propter</span> <span class='ocrx_word' id='word_1_95' title='bbox 629 461 640 477; x_wconf 84' lang='grc' dir='ltr'><em>Β</em></span> <span class='ocrx_word' id='word_1_96' title='bbox 648 460 739 480; x_wconf 84' lang='lat' dir='ltr'>pendimus,</span> <span class='ocrx_word' id='word_1_97' title='bbox 747 459 761 475; x_wconf 89' lang='lat' dir='ltr'>si</span> <span class='ocrx_word' id='word_1_98' title='bbox 772 459 835 475; x_wconf 80' lang='lat' dir='ltr'>remissi</span> <span class='ocrx_word' id='word_1_99' title='bbox 846 461 862 475; x_wconf 79' lang='lat' dir='ltr'>et</span> <span class='ocrx_word' id='word_1_100' title='bbox 871 459 940 475; x_wconf 74' lang='lat' dir='ltr'>acediosi</span> <span class='ocrx_word' id='word_1_101' title='bbox 951 459 1012 475; x_wconf 78' lang='lat' dir='ltr'>consisii</span> 
     </span>
    </p>
   </div>
   <div class='ocr_carea' id='block_1_7' title="bbox 243 484 620 624">
    <p class='ocr_par' dir='ltr' id='par_1_7' title="bbox 243 484 620 624">
     <span class='ocr_line' id='line_1_15' title="bbox 244 484 620 505; baseline 0 -5"><span class='ocrx_word' id='word_1_102' title='bbox 244 485 287 505; x_wconf 82' lang='lat' dir='ltr'>quod</span> <span class='ocrx_word' id='word_1_103' title='bbox 296 485 320 500; x_wconf 81' lang='lat' dir='ltr'>ait</span> <span class='ocrx_word' id='word_1_104' title='bbox 328 485 428 500; x_wconf 85' lang='lat' dir='ltr'>Bernardus:</span> <span class='ocrx_word' id='word_1_105' title='bbox 437 484 508 500; x_wconf 80' lang='lat' dir='ltr'>Christus</span> <span class='ocrx_word' id='word_1_106' title='bbox 517 484 586 500; x_wconf 80' lang='lat' dir='ltr'>ostendit</span> <span class='ocrx_word' id='word_1_107' title='bbox 593 484 620 500; x_wconf 75' lang='lat' dir='ltr'>Pa-</span> 
     </span>
     <span class='ocr_line' id='line_1_16' title="bbox 244 509 619 530; baseline 0 -5"><span class='ocrx_word' id='word_1_108' title='bbox 244 509 264 525; x_wconf 92' lang='lat' dir='ltr'>tri</span> <span class='ocrx_word' id='word_1_109' title='bbox 274 509 315 525; x_wconf 87' lang='lat' dir='ltr'>latus</span> <span class='ocrx_word' id='word_1_110' title='bbox 326 511 342 525; x_wconf 90' lang='lat' dir='ltr'>et</span> <span class='ocrx_word' id='word_1_111' title='bbox 353 509 425 528; x_wconf 82' lang='lat' dir='ltr'>vulnera,</span> <span class='ocrx_word' id='word_1_112' title='bbox 436 511 454 525; x_wconf 89' lang='lat' dir='ltr'>ut</span> <span class='ocrx_word' id='word_1_113' title='bbox 464 509 509 525; x_wconf 80' lang='lat' dir='ltr'>Pater</span> <span class='ocrx_word' id='word_1_114' title='bbox 520 514 549 530; x_wconf 87' lang='lat' dir='ltr'>per</span> <span class='ocrx_word' id='word_1_115' title='bbox 560 509 619 530; x_wconf 83' lang='lat' dir='ltr'>passio-</span> 
     </span>
     <span class='ocr_line' id='line_1_17' title="bbox 244 534 619 555; baseline -0.003 -5"><span class='ocrx_word' id='word_1_116' title='bbox 244 539 281 550; x_wconf 80' lang='lat' dir='ltr'>nem</span> <span class='ocrx_word' id='word_1_117' title='bbox 289 534 340 555; x_wconf 89' lang='lat' dir='ltr'>ipsius</span> <span class='ocrx_word' id='word_1_118' title='bbox 348 534 443 555; x_wconf 65' lang='lat' dir='ltr'>propitietur</span> <span class='ocrx_word' id='word_1_119' title='bbox 449 534 544 550; x_wconf 74' lang='lat' dir='ltr'>hominibus</span> <span class='ocrx_word' id='word_1_120' title='bbox 549 534 619 550; x_wconf 86' lang='lat' dir='ltr'>Christus</span> 
     </span>
     <span class='ocr_line' id='line_1_18' title="bbox 243 558 619 579; baseline 0 -5"><span class='ocrx_word' id='word_1_121' title='bbox 243 563 313 579; x_wconf 86' lang='lat' dir='ltr'>namque</span> <span class='ocrx_word' id='word_1_122' title='bbox 321 558 409 574; x_wconf 79' lang='lat' dir='ltr'>seeu&#39;ndum</span> <span class='ocrx_word' id='word_1_123' title='bbox 418 558 461 579; x_wconf 75' lang='lat' dir='ltr'>quod</span> <span class='ocrx_word' id='word_1_124' title='bbox 470 559 524 577; x_wconf 85' lang='lat' dir='ltr'>bomo,</span> <span class='ocrx_word' id='word_1_125' title='bbox 533 563 561 579; x_wconf 90' lang='lat' dir='ltr'>pro</span> <span class='ocrx_word' id='word_1_126' title='bbox 569 558 619 574; x_wconf 85' lang='lat' dir='ltr'>homi-</span> 
     </span>
     <span class='ocr_line' id='line_1_19' title="bbox 243 583 619 604; baseline 0 -5"><span class='ocrx_word' id='word_1_127' title='bbox 243 583 292 599; x_wconf 90' lang='lat' dir='ltr'>nibus</span> <span class='ocrx_word' id='word_1_128' title='bbox 303 583 394 604; x_wconf 82' lang='lat' dir='ltr'>interpellet</span> <span class='ocrx_word' id='word_1_129' title='bbox 404 585 479 604; x_wconf 84' lang='lat' dir='ltr'>tanquam</span> <span class='ocrx_word' id='word_1_130' title='bbox 491 583 532 599; x_wconf 88' lang='lat' dir='ltr'>inter</span> <span class='ocrx_word' id='word_1_131' title='bbox 542 583 592 599; x_wconf 88' lang='lat' dir='ltr'>Deum</span> <span class='ocrx_word' id='word_1_132' title='bbox 603 585 619 599; x_wconf 79' lang='lat' dir='ltr'>et</span> 
     </span>
     <span class='ocr_line' id='line_1_20' title="bbox 243 608 619 624; baseline 0 -1"><span class='ocrx_word' id='word_1_133' title='bbox 243 608 316 624; x_wconf 80' lang='lat' dir='ltr'>homines</span> <span class='ocrx_word' id='word_1_134' title='bbox 329 608 412 624; x_wconf 66' lang='lat' dir='ltr'>mediator,</span> <span class='ocrx_word' id='word_1_135' title='bbox 424 608 469 624; x_wconf 86' lang='lat' dir='ltr'>Unde</span> <span class='ocrx_word' id='word_1_136' title='bbox 481 608 500 623; x_wconf 82' lang='lat' dir='ltr'>ad</span> <span class='ocrx_word' id='word_1_137' title='bbox 512 608 586 624; x_wconf 70' lang='lat' dir='ltr'>llebrmos</span> <span class='ocrx_word' id='word_1_138' title='bbox 598 608 619 623; x_wconf 90' lang='lat' dir='ltr'>le-</span> 
     </span>
    </p>
   </div>
   <div class='ocr_carea' id='block_1_8' title="bbox 176 632 618 653">
    <p class='ocr_par' dir='ltr' id='par_1_8' title="bbox 176 632 618 653">
     <span class='ocr_line' id='line_1_21' title="bbox 176 632 618 653; baseline 0 -5"><span class='ocrx_word' id='word_1_139' title='bbox 176 637 211 649; x_wconf 70' lang='grc' dir='ltr'>ιωι.</span> <span class='ocrx_word' id='word_1_140' title='bbox 218 641 236 651; x_wconf 69' lang='lat' dir='ltr'>vu,</span> <span class='ocrx_word' id='word_1_141' title='bbox 243 632 286 653; x_wconf 87' lang='lat' dir='ltr'>gitur</span> <span class='ocrx_word' id='word_1_142' title='bbox 298 637 302 648; x_wconf 70' lang='grc' dir='ltr'><em>τ</em></span> <span class='ocrx_word' id='word_1_143' title='bbox 316 632 388 648; x_wconf 84' lang='lat' dir='ltr'>Christus</span> <span class='ocrx_word' id='word_1_144' title='bbox 400 632 461 648; x_wconf 81' lang='lat' dir='ltr'>accedit</span> <span class='ocrx_word' id='word_1_145' title='bbox 473 637 502 653; x_wconf 85' lang='lat' dir='ltr'>per</span> <span class='ocrx_word' id='word_1_146' title='bbox 514 632 618 653; x_wconf 81' lang='lat' dir='ltr'>semetipsum</span> 
     </span>
    </p>
   </div>
   <div class='ocr_carea' id='block_1_9' title="bbox 169 653 187 664">
    <p class='ocr_par' dir='ltr' id='par_1_9' title="bbox 169 653 187 664">
     <span class='ocr_line' id='line_1_22' title="bbox 169 653 187 664; baseline 0 0"><span class='ocrx_word' id='word_1_147' title='bbox 169 653 187 664; x_wconf 73' lang='lat'>2³.</span> 
     </span>
    </p>
   </div>
   <div class='ocr_carea' id='block_1_10' title="bbox 242 656 619 702">
    <p class='ocr_par' dir='ltr' id='par_1_10' title="bbox 242 656 619 702">
     <span class='ocr_line' id='line_1_23' title="bbox 242 656 618 678; baseline -0.003 -5"><span class='ocrx_word' id='word_1_148' title='bbox 242 657 262 673; x_wconf 87' lang='lat' dir='ltr'>ad</span> <span class='ocrx_word' id='word_1_149' title='bbox 272 657 339 676; x_wconf 74' lang='lat' dir='ltr'>Patrem,</span> <span class='ocrx_word' id='word_1_150' title='bbox 348 661 412 678; x_wconf 86' lang='lat' dir='ltr'>semper</span> <span class='ocrx_word' id='word_1_151' title='bbox 421 656 477 672; x_wconf 79' lang='lat' dir='ltr'>vivens</span> <span class='ocrx_word' id='word_1_152' title='bbox 486 657 506 672; x_wconf 83' lang='lat' dir='ltr'>ad</span> <span class='ocrx_word' id='word_1_153' title='bbox 517 656 618 678; x_wconf 81' lang='lat' dir='ltr'>interpellan-</span> 
     </span>
     <span class='ocr_line' id='line_1_24' title="bbox 243 681 619 702; baseline 0 -5"><span class='ocrx_word' id='word_1_154' title='bbox 243 682 281 697; x_wconf 85' lang='lat' dir='ltr'>dum</span> <span class='ocrx_word' id='word_1_155' title='bbox 293 686 322 702; x_wconf 86' lang='lat' dir='ltr'>pro</span> <span class='ocrx_word' id='word_1_156' title='bbox 331 681 383 697; x_wconf 84' lang='lat' dir='ltr'>nobis.</span> <span class='ocrx_word' id='word_1_157' title='bbox 392 681 432 697; x_wconf 81' lang='lat' dir='ltr'>Hinc</span> <span class='ocrx_word' id='word_1_158' title='bbox 442 681 458 697; x_wconf 93' lang='lat' dir='ltr'>in</span> <span class='ocrx_word' id='word_1_159' title='bbox 470 681 521 702; x_wconf 89' lang='lat' dir='ltr'>prima</span> <span class='ocrx_word' id='word_1_160' title='bbox 532 686 561 697; x_wconf 87' lang='lat' dir='ltr'>sua</span> <span class='ocrx_word' id='word_1_161' title='bbox 570 682 619 697; x_wconf 89' lang='lat' dir='ltr'>Cano-</span> 
     </span>
    </p>
   </div>
   <div class='ocr_carea' id='block_1_11' title="bbox 172 703 618 726">
    <p class='ocr_par' dir='ltr' id='par_1_11' title="bbox 172 703 618 726">
     <span class='ocr_line' id='line_1_25' title="bbox 172 703 618 726; baseline -0.002 -4"><span class='ocrx_word' id='word_1_162' title='bbox 172 703 279 725; x_wconf 47' lang='lat' dir='ltr'>amu-,mnia</span> <span class='ocrx_word' id='word_1_163' title='bbox 292 706 315 722; x_wconf 86' lang='lat' dir='ltr'>ait</span> <span class='ocrx_word' id='word_1_164' title='bbox 326 706 394 722; x_wconf 72' lang='lat' dir='ltr'>loannes</span> <span class='ocrx_word' id='word_1_165' title='bbox 409 706 490 726; x_wconf 82' lang='lat' dir='ltr'>apostolus</span> <span class='ocrx_word' id='word_1_166' title='bbox 503 710 507 721; x_wconf 89' lang='lat'>:</span> <span class='ocrx_word' id='word_1_167' title='bbox 519 706 618 722; x_wconf 75' lang='lat' dir='ltr'>Advocatum</span> 
     </span>
    </p>
   </div>
   <div class='ocr_carea' id='block_1_12' title="bbox 243 730 617 751">
    <p class='ocr_par' dir='ltr' id='par_1_12' title="bbox 243 730 617 751">
     <span class='ocr_line' id='line_1_26' title="bbox 243 730 617 751; baseline 0 -5"><span class='ocrx_word' id='word_1_168' title='bbox 243 730 321 746; x_wconf 84' lang='lat' dir='ltr'>habemns</span> <span class='ocrx_word' id='word_1_169' title='bbox 335 730 378 751; x_wconf 86' lang='lat' dir='ltr'>apud</span> <span class='ocrx_word' id='word_1_170' title='bbox 391 730 459 749; x_wconf 80' lang='lat' dir='ltr'>Patrem,</span> <span class='ocrx_word' id='word_1_171' title='bbox 471 730 525 746; x_wconf 81' lang='lat' dir='ltr'>lesum</span> <span class='ocrx_word' id='word_1_172' title='bbox 536 730 617 746; x_wconf 81' lang='lat' dir='ltr'>Christum</span> 
     </span>
    </p>
   </div>
   <div class='ocr_carea' id='block_1_13' title="bbox 648 188 1011 463">
    <p class='ocr_par' dir='ltr' id='par_1_13' title="bbox 648 188 1011 455">
     <span class='ocr_line' id='line_1_27' title="bbox 648 188 1009 209; baseline -0.006 -4"><span class='ocrx_word' id='word_1_173' title='bbox 648 191 717 208; x_wconf 70' lang='lat' dir='ltr'>saneim,</span> <span class='ocrx_word' id='word_1_174' title='bbox 727 189 809 209; x_wconf 75' lang='lat' dir='ltr'>Virginem</span> <span class='ocrx_word' id='word_1_175' title='bbox 821 188 913 209; x_wconf 71' lang='lat' dir='ltr'>gloriosam,</span> <span class='ocrx_word' id='word_1_176' title='bbox 925 188 1009 208; x_wconf 58' lang='lat' dir='ltr'>triumplu-s</span> 
     </span>
     <span class='ocr_line' id='line_1_28' title="bbox 648 212 1009 231; baseline -0.003 -2"><span class='ocrx_word' id='word_1_177' title='bbox 648 216 681 229; x_wconf 69' lang='lat' dir='ltr'>tern</span> <span class='ocrx_word' id='word_1_178' title='bbox 694 213 787 231; x_wconf 80' lang='lat' dir='ltr'>Ecclesiam,</span> <span class='ocrx_word' id='word_1_179' title='bbox 799 215 898 229; x_wconf 77' lang='lat' dir='ltr'>sacramenta</span> <span class='ocrx_word' id='word_1_180' title='bbox 909 212 978 228; x_wconf 74' lang='lat' dir='ltr'>Eeelesie</span> <span class='ocrx_word' id='word_1_181' title='bbox 988 213 1009 228; x_wconf 62' lang='lat' dir='ltr'>mi</span> 
     </span>
     <span class='ocr_line' id='line_1_29' title="bbox 649 237 1009 259; baseline -0.006 -5"><span class='ocrx_word' id='word_1_182' title='bbox 649 238 715 257; x_wconf 77' lang='lat' dir='ltr'>litaniis,</span> <span class='ocrx_word' id='word_1_183' title='bbox 723 242 778 259; x_wconf 78' lang='lat' dir='ltr'>preces</span> <span class='ocrx_word' id='word_1_184' title='bbox 786 240 802 253; x_wconf 87' lang='lat' dir='ltr'>et</span> <span class='ocrx_word' id='word_1_185' title='bbox 810 238 867 253; x_wconf 80' lang='lat' dir='ltr'>merita</span> <span class='ocrx_word' id='word_1_186' title='bbox 876 237 918 257; x_wconf 80' lang='lat' dir='ltr'>ejus,</span> <span class='ocrx_word' id='word_1_187' title='bbox 928 237 991 258; x_wconf 74' lang='lat' dir='ltr'>proelatos</span> <span class='ocrx_word' id='word_1_188' title='bbox 998 239 1009 252; x_wconf 69' lang='lat' dir='ltr'>et</span> 
     </span>
     <span class='ocr_line' id='line_1_30' title="bbox 649 261 1009 284; baseline -0.006 -5"><span class='ocrx_word' id='word_1_189' title='bbox 649 263 760 284; x_wconf 74' lang='lat' dir='ltr'>praedicatores</span> <span class='ocrx_word' id='word_1_190' title='bbox 767 263 851 281; x_wconf 73' lang='lat' dir='ltr'>virtuosos,</span> <span class='ocrx_word' id='word_1_191' title='bbox 855 261 976 278; x_wconf 79' lang='lat' dir='ltr'>innumerabilia</span> <span class='ocrx_word' id='word_1_192' title='bbox 981 262 1009 278; x_wconf 79' lang='lat' dir='ltr'>San-</span> 
     </span>
     <span class='ocr_line' id='line_1_31' title="bbox 649 287 1009 308; baseline -0.003 -5"><span class='ocrx_word' id='word_1_193' title='bbox 649 290 710 303; x_wconf 85' lang='lat' dir='ltr'>ctorum</span> <span class='ocrx_word' id='word_1_194' title='bbox 719 287 792 308; x_wconf 84' lang='lat' dir='ltr'>exempla</span> <span class='ocrx_word' id='word_1_195' title='bbox 799 292 817 303; x_wconf 83' lang='lat' dir='ltr'>ac</span> <span class='ocrx_word' id='word_1_196' title='bbox 823 287 922 303; x_wconf 77' lang='lat' dir='ltr'>documenta.</span> <span class='ocrx_word' id='word_1_197' title='bbox 926 287 975 305; x_wconf 78' lang='lat' dir='ltr'>Ouum</span> <span class='ocrx_word' id='word_1_198' title='bbox 981 291 1009 307; x_wconf 77' lang='lat' dir='ltr'>ergo</span> 
     </span>
     <span class='ocr_line' id='line_1_32' title="bbox 648 311 1010 333; baseline -0.006 -5"><span class='ocrx_word' id='word_1_199' title='bbox 648 312 720 333; x_wconf 83' lang='lat' dir='ltr'>quotidie</span> <span class='ocrx_word' id='word_1_200' title='bbox 729 314 791 327; x_wconf 72' lang='lat' dir='ltr'>tantum</span> <span class='ocrx_word' id='word_1_201' title='bbox 801 312 883 328; x_wconf 85' lang='lat' dir='ltr'>valeamus</span> <span class='ocrx_word' id='word_1_202' title='bbox 893 311 909 327; x_wconf 87' lang='lat' dir='ltr'>in</span> <span class='ocrx_word' id='word_1_203' title='bbox 919 311 962 327; x_wconf 88' lang='lat' dir='ltr'>omui</span> <span class='ocrx_word' id='word_1_204' title='bbox 971 311 1010 331; x_wconf 73' lang='lat' dir='ltr'>gralia</span> 
     </span>
     <span class='ocr_line' id='line_1_33' title="bbox 648 336 1010 357; baseline -0.003 -5"><span class='ocrx_word' id='word_1_205' title='bbox 648 341 666 352; x_wconf 82' lang='lat' dir='ltr'>ae</span> <span class='ocrx_word' id='word_1_206' title='bbox 676 337 735 353; x_wconf 80' lang='lat' dir='ltr'>virtute</span> <span class='ocrx_word' id='word_1_207' title='bbox 746 336 830 357; x_wconf 77' lang='lat' dir='ltr'>proficere,</span> <span class='ocrx_word' id='word_1_208' title='bbox 839 336 856 352; x_wconf 90' lang='lat' dir='ltr'>in</span> <span class='ocrx_word' id='word_1_209' title='bbox 866 338 930 352; x_wconf 68' lang='lat' dir='ltr'>aetemae</span> <span class='ocrx_word' id='word_1_210' title='bbox 940 336 1010 352; x_wconf 70' lang='lat' dir='ltr'>beatitudi-</span> 
     </span>
     <span class='ocr_line' id='line_1_34' title="bbox 648 361 1010 381; baseline -0.003 -4"><span class='ocrx_word' id='word_1_211' title='bbox 648 361 673 377; x_wconf 89' lang='lat' dir='ltr'>uis</span> <span class='ocrx_word' id='word_1_212' title='bbox 684 363 769 381; x_wconf 79' lang='lat' dir='ltr'>augmento</span> <span class='ocrx_word' id='word_1_213' title='bbox 780 365 878 379; x_wconf 80' lang='lat' dir='ltr'>excrescere,</span> <span class='ocrx_word' id='word_1_214' title='bbox 888 362 905 376; x_wconf 85' lang='lat' dir='ltr'>et</span> <span class='ocrx_word' id='word_1_215' title='bbox 916 365 970 381; x_wconf 78' lang='lat' dir='ltr'>peenas</span> <span class='ocrx_word' id='word_1_216' title='bbox 980 365 1010 381; x_wconf 79' lang='lat' dir='ltr'>quis</span> 
     </span>
     <span class='ocr_line' id='line_1_35' title="bbox 648 385 1011 407; baseline -0.003 -6"><span class='ocrx_word' id='word_1_217' title='bbox 648 386 729 407; x_wconf 83' lang='lat' dir='ltr'>peccando</span> <span class='ocrx_word' id='word_1_218' title='bbox 740 386 829 401; x_wconf 87' lang='lat' dir='ltr'>meruimus</span> <span class='ocrx_word' id='word_1_219' title='bbox 840 385 926 404; x_wconf 72' lang='lat' dir='ltr'>minorue,</span> <span class='ocrx_word' id='word_1_220' title='bbox 936 389 985 401; x_wconf 88' lang='lat' dir='ltr'>nonne</span> <span class='ocrx_word' id='word_1_221' title='bbox 994 385 1011 400; x_wconf 64' lang='lat' dir='ltr'>in&gt;</span> 
     </span>
     <span class='ocr_line' id='line_1_36' title="bbox 648 409 1011 430; baseline -0.003 -4"><span class='ocrx_word' id='word_1_222' title='bbox 648 410 744 426; x_wconf 77' lang='lat' dir='ltr'>excusabilis</span> <span class='ocrx_word' id='word_1_223' title='bbox 756 415 775 426; x_wconf 81' lang='lat' dir='ltr'>ac</span> <span class='ocrx_word' id='word_1_224' title='bbox 786 410 876 426; x_wconf 82' lang='lat' dir='ltr'>damnanda</span> <span class='ocrx_word' id='word_1_225' title='bbox 890 412 914 425; x_wconf 87' lang='lat' dir='ltr'>est</span> <span class='ocrx_word' id='word_1_226' title='bbox 926 409 1011 430; x_wconf 68' lang='lat' dir='ltr'>negligentia</span> 
     </span>
     <span class='ocr_line' id='line_1_37' title="bbox 648 434 1011 463; baseline -0.006 -12"><span class='ocrx_word' id='word_1_227' title='bbox 648 437 706 454; x_wconf 80' lang='lat' dir='ltr'>nostra,</span> <span class='ocrx_word' id='word_1_228' title='bbox 715 435 728 451; x_wconf 88' lang='lat' dir='ltr'>si</span> <span class='ocrx_word' id='word_1_229' title='bbox 737 437 800 463; x_wconf 80' lang='lat' dir='ltr'>tempus</span> <span class='ocrx_word' id='word_1_230' title='bbox 808 437 881 450; x_wconf 84' lang='lat' dir='ltr'>nostrum</span> <span class='ocrx_word' id='word_1_231' title='bbox 890 434 985 450; x_wconf 74' lang='lat' dir='ltr'>infructuose</span> <span class='ocrx_word' id='word_1_232' title='bbox 991 439 1011 449; x_wconf 81' lang='lat' dir='ltr'>ex-</span> 
     </span>
    </p>
   </div>
   <div class='ocr_carea' id='block_1_14' title="bbox 646 483 1045 751">
    <p class='ocr_par' dir='ltr' id='par_1_14' title="bbox 646 483 1045 751">
     <span class='ocr_line' id='line_1_38' title="bbox 648 483 1011 504; baseline -0.003 -4"><span class='ocrx_word' id='word_1_233' title='bbox 648 489 694 504; x_wconf 87' lang='lat' dir='ltr'>rnus;</span> <span class='ocrx_word' id='word_1_234' title='bbox 704 484 717 500; x_wconf 90' lang='lat' dir='ltr'>si</span> <span class='ocrx_word' id='word_1_235' title='bbox 725 489 757 500; x_wconf 91' lang='lat' dir='ltr'>non</span> <span class='ocrx_word' id='word_1_236' title='bbox 766 484 818 500; x_wconf 86' lang='lat' dir='ltr'>solum</span> <span class='ocrx_word' id='word_1_237' title='bbox 826 484 868 500; x_wconf 81' lang='lat' dir='ltr'>bona</span> <span class='ocrx_word' id='word_1_238' title='bbox 876 488 909 500; x_wconf 86' lang='lat' dir='ltr'>non</span> <span class='ocrx_word' id='word_1_239' title='bbox 918 484 983 504; x_wconf 88' lang='lat' dir='ltr'>agimus,</span> <span class='ocrx_word' id='word_1_240' title='bbox 990 483 1011 499; x_wconf 74' lang='lat' dir='ltr'>sed</span> 
     </span>
     <span class='ocr_line' id='line_1_39' title="bbox 647 508 1012 530; baseline -0.003 -5"><span class='ocrx_word' id='word_1_241' title='bbox 647 511 663 524; x_wconf 84' lang='lat' dir='ltr'>et</span> <span class='ocrx_word' id='word_1_242' title='bbox 672 509 742 530; x_wconf 78' lang='lat' dir='ltr'>peccatis</span> <span class='ocrx_word' id='word_1_243' title='bbox 753 511 818 530; x_wconf 76' lang='lat' dir='ltr'>peccata</span> <span class='ocrx_word' id='word_1_244' title='bbox 827 508 919 529; x_wconf 75' lang='lat' dir='ltr'>adjicimus,</span> <span class='ocrx_word' id='word_1_245' title='bbox 926 508 968 524; x_wconf 77' lang='lat' dir='ltr'>sieut</span> <span class='ocrx_word' id='word_1_246' title='bbox 977 508 991 524; x_wconf 86' lang='lat' dir='ltr'>in</span> <span class='ocrx_word' id='word_1_247' title='bbox 999 508 1012 524; x_wconf 58' lang='grc' dir='ltr'>Ι”ιΑ</span> 
     </span>
     <span class='ocr_line' id='line_1_40' title="bbox 647 532 1045 554; baseline -0.005 -5"><span class='ocrx_word' id='word_1_248' title='bbox 647 533 676 549; x_wconf 88' lang='lat' dir='ltr'>bro</span> <span class='ocrx_word' id='word_1_249' title='bbox 689 534 763 549; x_wconf 82' lang='lat' dir='ltr'>Judicum</span> <span class='ocrx_word' id='word_1_250' title='bbox 778 533 859 552; x_wconf 85' lang='lat' dir='ltr'>scribitur,</span> <span class='ocrx_word' id='word_1_251' title='bbox 872 533 915 554; x_wconf 85' lang='lat' dir='ltr'>quod</span> <span class='ocrx_word' id='word_1_252' title='bbox 929 533 960 549; x_wconf 80' lang='lat' dir='ltr'>tilii</span> <span class='ocrx_word' id='word_1_253' title='bbox 973 532 1045 548; x_wconf 60' lang='lat' dir='ltr'>¹SHGIJn&#39;vk</span> 
     </span>
     <span class='ocr_line' id='line_1_41' title="bbox 647 558 1013 579; baseline -0.003 -5"><span class='ocrx_word' id='word_1_254' title='bbox 647 558 727 574; x_wconf 84' lang='lat' dir='ltr'>veteribus</span> <span class='ocrx_word' id='word_1_255' title='bbox 741 558 809 579; x_wconf 80' lang='lat' dir='ltr'>peccatis</span> <span class='ocrx_word' id='word_1_256' title='bbox 821 563 862 574; x_wconf 83' lang='lat' dir='ltr'>nova</span> <span class='ocrx_word' id='word_1_257' title='bbox 873 558 972 578; x_wconf 66' lang='lat' dir='ltr'>junxerunt?</span> <span class='ocrx_word' id='word_1_258' title='bbox 980 558 1013 573; x_wconf 71' lang='lat' dir='ltr'>Eece</span> 
     </span>
     <span class='ocr_line' id='line_1_42' title="bbox 647 582 1013 599; baseline -0.005 0"><span class='ocrx_word' id='word_1_259' title='bbox 647 583 660 599; x_wconf 92' lang='lat' dir='ltr'>si</span> <span class='ocrx_word' id='word_1_260' title='bbox 670 583 729 599; x_wconf 86' lang='lat' dir='ltr'>alicubi</span> <span class='ocrx_word' id='word_1_261' title='bbox 740 583 815 599; x_wconf 69' lang='lat' dir='ltr'>nundinis</span> <span class='ocrx_word' id='word_1_262' title='bbox 824 583 856 598; x_wconf 91' lang='lat' dir='ltr'>sint</span> <span class='ocrx_word' id='word_1_263' title='bbox 866 585 894 598; x_wconf 88' lang='lat' dir='ltr'>aut</span> <span class='ocrx_word' id='word_1_264' title='bbox 902 582 955 598; x_wconf 78' lang='lat' dir='ltr'>forum</span> <span class='ocrx_word' id='word_1_265' title='bbox 963 582 988 598; x_wconf 87' lang='lat' dir='ltr'>ubi</span> <span class='ocrx_word' id='word_1_266' title='bbox 995 582 1013 597; x_wconf 82' lang='lat' dir='ltr'>ia-</span> 
     </span>
     <span class='ocr_line' id='line_1_43' title="bbox 647 607 1012 629; baseline -0.003 -6"><span class='ocrx_word' id='word_1_267' title='bbox 647 608 738 624; x_wconf 82' lang='lat' dir='ltr'>dubitanter</span> <span class='ocrx_word' id='word_1_268' title='bbox 746 607 857 629; x_wconf 83' lang='lat' dir='ltr'>copiosissima</span> <span class='ocrx_word' id='word_1_269' title='bbox 866 607 910 623; x_wconf 85' lang='lat' dir='ltr'>lucra</span> <span class='ocrx_word' id='word_1_270' title='bbox 918 610 960 626; x_wconf 84' lang='lat' dir='ltr'>sunt,</span> <span class='ocrx_word' id='word_1_271' title='bbox 968 612 1012 623; x_wconf 79' lang='lat' dir='ltr'>nonne</span> 
     </span>
     <span class='ocr_line' id='line_1_44' title="bbox 646 632 1012 653; baseline 0 -5"><span class='ocrx_word' id='word_1_272' title='bbox 646 632 698 648; x_wconf 76' lang='lat' dir='ltr'>fatuos</span> <span class='ocrx_word' id='word_1_273' title='bbox 709 634 802 653; x_wconf 78' lang='lat' dir='ltr'>reputamus</span> <span class='ocrx_word' id='word_1_274' title='bbox 813 632 876 648; x_wconf 80' lang='lat' dir='ltr'>desides</span> <span class='ocrx_word' id='word_1_275' title='bbox 887 634 981 648; x_wconf 69' lang='lat' dir='ltr'>mercatores</span> <span class='ocrx_word' id='word_1_276' title='bbox 991 632 1012 652; x_wconf 78' lang='lat' dir='ltr'>qui</span> 
     </span>
     <span class='ocr_line' id='line_1_45' title="bbox 646 656 1014 677; baseline 0 -5"><span class='ocrx_word' id='word_1_277' title='bbox 646 657 729 677; x_wconf 77' lang='lat' dir='ltr'>negligunt</span> <span class='ocrx_word' id='word_1_278' title='bbox 739 657 773 673; x_wconf 71' lang='lat' dir='ltr'>iret</span> <span class='ocrx_word' id='word_1_279' title='bbox 784 657 803 673; x_wconf 86' lang='lat' dir='ltr'>Et</span> <span class='ocrx_word' id='word_1_280' title='bbox 812 661 866 673; x_wconf 84' lang='lat' dir='ltr'>nonne</span> <span class='ocrx_word' id='word_1_281' title='bbox 876 656 1014 677; x_wconf 68' lang='lat' dir='ltr'>inmmpmiviliur</span> 
     </span>
     <span class='ocr_line' id='line_1_46' title="bbox 647 681 1013 702; baseline -0.003 -5"><span class='ocrx_word' id='word_1_282' title='bbox 647 681 765 702; x_wconf 71' lang='lat' dir='ltr'>insipientiores</span> <span class='ocrx_word' id='word_1_283' title='bbox 779 683 817 697; x_wconf 87' lang='lat' dir='ltr'>sunt</span> <span class='ocrx_word' id='word_1_284' title='bbox 829 681 903 697; x_wconf 85' lang='lat' dir='ltr'>homines</span> <span class='ocrx_word' id='word_1_285' title='bbox 917 681 946 702; x_wconf 86' lang='lat' dir='ltr'>qui</span> <span class='ocrx_word' id='word_1_286' title='bbox 958 683 1013 701; x_wconf 77' lang='lat' dir='ltr'>ternpus</span> 
     </span>
     <span class='ocr_line' id='line_1_47' title="bbox 646 705 1013 726; baseline 0 -5"><span class='ocrx_word' id='word_1_287' title='bbox 646 711 693 721; x_wconf 91' lang='lat' dir='ltr'>suum</span> <span class='ocrx_word' id='word_1_288' title='bbox 708 706 725 721; x_wconf 91' lang='lat' dir='ltr'>in</span> <span class='ocrx_word' id='word_1_289' title='bbox 737 706 824 721; x_wconf 84' lang='lat' dir='ltr'>virtutibus</span> <span class='ocrx_word' id='word_1_290' title='bbox 838 710 870 721; x_wconf 84' lang='lat' dir='ltr'>non</span> <span class='ocrx_word' id='word_1_291' title='bbox 882 706 980 726; x_wconf 82' lang='lat' dir='ltr'>expendunt,</span> <span class='ocrx_word' id='word_1_292' title='bbox 991 705 1013 726; x_wconf 77' lang='lat' dir='ltr'>qui</span> 
     </span>
     <span class='ocr_line' id='line_1_48' title="bbox 646 730 1014 751; baseline 0 -5"><span class='ocrx_word' id='word_1_293' title='bbox 646 730 735 751; x_wconf 84' lang='lat' dir='ltr'>spiritualia</span> <span class='ocrx_word' id='word_1_294' title='bbox 746 731 790 746; x_wconf 86' lang='lat' dir='ltr'>lucra</span> <span class='ocrx_word' id='word_1_295' title='bbox 800 735 831 746; x_wconf 93' lang='lat' dir='ltr'>non</span> <span class='ocrx_word' id='word_1_296' title='bbox 842 732 921 751; x_wconf 70' lang='lat' dir='ltr'>quierunt,</span> <span class='ocrx_word' id='word_1_297' title='bbox 930 730 958 751; x_wconf 81' lang='lat' dir='ltr'>qni</span> <span class='ocrx_word' id='word_1_298' title='bbox 968 730 984 746; x_wconf 90' lang='lat' dir='ltr'>in</span> <span class='ocrx_word' id='word_1_299' title='bbox 992 730 1014 745; x_wconf 86' lang='lat' dir='ltr'>do-</span> 
     </span>
    </p>
   </div>
   <div class='ocr_carea' id='block_1_15' title="bbox 242 754 1014 776">
    <p class='ocr_par' dir='ltr' id='par_1_15' title="bbox 242 754 1014 776">
     <span class='ocr_line' id='line_1_49' title="bbox 242 754 1014 776; baseline -0.001 -5"><span class='ocrx_word' id='word_1_300' title='bbox 242 755 313 776; x_wconf 74' lang='lat' dir='ltr'>justum3</span> <span class='ocrx_word' id='word_1_301' title='bbox 321 757 337 771; x_wconf 78' lang='lat' dir='ltr'>et</span> <span class='ocrx_word' id='word_1_302' title='bbox 345 755 380 776; x_wconf 84' lang='lat' dir='ltr'>ipse</span> <span class='ocrx_word' id='word_1_303' title='bbox 388 757 413 771; x_wconf 80' lang='lat' dir='ltr'>est</span> <span class='ocrx_word' id='word_1_304' title='bbox 422 755 514 776; x_wconf 74' lang='lat' dir='ltr'>propitiatio</span> <span class='ocrx_word' id='word_1_305' title='bbox 524 759 553 776; x_wconf 87' lang='lat' dir='ltr'>pro</span> <span class='ocrx_word' id='word_1_306' title='bbox 563 760 618 776; x_wconf 83' lang='lat' dir='ltr'>pecca·</span> <span class='ocrx_word' id='word_1_307' title='bbox 626 754 637 770; x_wconf 89' lang='lat' dir='ltr'>C</span> <span class='ocrx_word' id='word_1_308' title='bbox 646 755 671 771; x_wconf 86' lang='lat' dir='ltr'>nis</span> <span class='ocrx_word' id='word_1_309' title='bbox 680 755 734 775; x_wconf 78' lang='lat' dir='ltr'>gretiae</span> <span class='ocrx_word' id='word_1_310' title='bbox 745 757 792 776; x_wconf 78' lang='lat' dir='ltr'>atque</span> <span class='ocrx_word' id='word_1_311' title='bbox 803 755 818 771; x_wconf 91' lang='lat' dir='ltr'>in</span> <span class='ocrx_word' id='word_1_312' title='bbox 828 755 890 771; x_wconf 85' lang='lat' dir='ltr'>divitiis</span> <span class='ocrx_word' id='word_1_313' title='bbox 900 755 956 775; x_wconf 66' lang='lat' dir='ltr'>glorias</span> <span class='ocrx_word' id='word_1_314' title='bbox 964 755 1014 775; x_wconf 76' lang='lat' dir='ltr'>sempi—</span> 
     </span>
    </p>
   </div>
   <div class='ocr_carea' id='block_1_16' title="bbox 242 779 619 875">
    <p class='ocr_par' dir='ltr' id='par_1_16' title="bbox 242 779 619 875">
     <span class='ocr_line' id='line_1_50' title="bbox 242 779 618 800; baseline -0.003 -4"><span class='ocrx_word' id='word_1_315' title='bbox 242 780 263 796; x_wconf 82' lang='lat' dir='ltr'>tis</span> <span class='ocrx_word' id='word_1_316' title='bbox 277 780 340 796; x_wconf 78' lang='lat' dir='ltr'>nostris.</span> <span class='ocrx_word' id='word_1_317' title='bbox 354 779 411 798; x_wconf 85' lang='lat' dir='ltr'>Tertio,</span> <span class='ocrx_word' id='word_1_318' title='bbox 425 779 463 800; x_wconf 81' lang='lat' dir='ltr'>qnia</span> <span class='ocrx_word' id='word_1_319' title='bbox 475 779 492 795; x_wconf 91' lang='lat' dir='ltr'>in</span> <span class='ocrx_word' id='word_1_320' title='bbox 503 781 576 800; x_wconf 79' lang='lat' dir='ltr'>tempore</span> <span class='ocrx_word' id='word_1_321' title='bbox 588 780 618 796; x_wconf 77' lang='lat' dir='ltr'>isto</span> 
     </span>
     <span class='ocr_line' id='line_1_51' title="bbox 242 804 618 820; baseline 0 0"><span class='ocrx_word' id='word_1_322' title='bbox 242 804 369 820; x_wconf 84' lang='lat' dir='ltr'>innumerabiles</span> <span class='ocrx_word' id='word_1_323' title='bbox 383 804 449 820; x_wconf 78' lang='lat' dir='ltr'>fuerunt</span> <span class='ocrx_word' id='word_1_324' title='bbox 463 804 536 820; x_wconf 82' lang='lat' dir='ltr'>homines</span> <span class='ocrx_word' id='word_1_325' title='bbox 550 804 618 820; x_wconf 72' lang='lat' dir='ltr'>virtuosi</span> 
     </span>
     <span class='ocr_line' id='line_1_52' title="bbox 242 829 618 850; baseline -0.003 -5"><span class='ocrx_word' id='word_1_326' title='bbox 242 834 260 845; x_wconf 78' lang='lat' dir='ltr'>ae</span> <span class='ocrx_word' id='word_1_327' title='bbox 272 829 329 848; x_wconf 78' lang='lat' dir='ltr'>saneti,</span> <span class='ocrx_word' id='word_1_328' title='bbox 341 829 446 845; x_wconf 70' lang='lat' dir='ltr'>ineffabiliter</span> <span class='ocrx_word' id='word_1_329' title='bbox 460 829 514 850; x_wconf 86' lang='lat' dir='ltr'>plures</span> <span class='ocrx_word' id='word_1_330' title='bbox 526 834 575 850; x_wconf 79' lang='lat' dir='ltr'>qnam</span> <span class='ocrx_word' id='word_1_331' title='bbox 590 834 618 845; x_wconf 88' lang='lat' dir='ltr'>un-</span> 
     </span>
     <span class='ocr_line' id='line_1_53' title="bbox 243 853 619 875; baseline -0.003 -5"><span class='ocrx_word' id='word_1_332' title='bbox 243 859 291 875; x_wconf 79' lang='lat' dir='ltr'>quam</span> <span class='ocrx_word' id='word_1_333' title='bbox 303 856 340 870; x_wconf 80' lang='lat' dir='ltr'>ante</span> <span class='ocrx_word' id='word_1_334' title='bbox 352 853 411 870; x_wconf 79' lang='lat' dir='ltr'>Christi</span> <span class='ocrx_word' id='word_1_335' title='bbox 423 853 515 872; x_wconf 83' lang='lat' dir='ltr'>adventurn,</span> <span class='ocrx_word' id='word_1_336' title='bbox 525 854 568 869; x_wconf 77' lang='lat' dir='ltr'>sicut</span> <span class='ocrx_word' id='word_1_337' title='bbox 577 854 619 870; x_wconf 64' lang='lat' dir='ltr'>Psal&gt;</span> 
     </span>
    </p>
   </div>
   <div class='ocr_carea' id='block_1_17' title="bbox 167 878 618 899">
    <p class='ocr_par' dir='ltr' id='par_1_17' title="bbox 167 878 618 899">
     <span class='ocr_line' id='line_1_54' title="bbox 167 878 618 899; baseline -0.002 -4"><span class='ocrx_word' id='word_1_338' title='bbox 167 884 236 898; x_wconf 57' lang='lat' dir='ltr'>mmm„</span> <span class='ocrx_word' id='word_1_339' title='bbox 243 879 290 895; x_wconf 79' lang='lat' dir='ltr'>mista</span> <span class='ocrx_word' id='word_1_340' title='bbox 297 878 371 899; x_wconf 77' lang='lat' dir='ltr'>praedixit</span> <span class='ocrx_word' id='word_1_341' title='bbox 380 883 383 894; x_wconf 93' lang='lat'>:</span> <span class='ocrx_word' id='word_1_342' title='bbox 392 878 499 894; x_wconf 86' lang='lat' dir='ltr'>Dinumerabo</span> <span class='ocrx_word' id='word_1_343' title='bbox 506 883 539 897; x_wconf 75' lang='lat' dir='ltr'>eos,</span> <span class='ocrx_word' id='word_1_344' title='bbox 547 880 563 894; x_wconf 85' lang='lat' dir='ltr'>et</span> <span class='ocrx_word' id='word_1_345' title='bbox 570 883 618 899; x_wconf 86' lang='lat' dir='ltr'>super</span> 
     </span>
    </p>
   </div>
   <div class='ocr_carea' id='block_1_18' title="bbox 242 903 617 1047">
    <p class='ocr_par' dir='ltr' id='par_1_18' title="bbox 242 903 617 1047">
     <span class='ocr_line' id='line_1_55' title="bbox 242 903 617 924; baseline -0.003 -5"><span class='ocrx_word' id='word_1_346' title='bbox 242 908 307 919; x_wconf 77' lang='lat' dir='ltr'>arenam</span> <span class='ocrx_word' id='word_1_347' title='bbox 318 903 472 923; x_wconf 73' lang='lat' dir='ltr'>multiplicabuntur.</span> <span class='ocrx_word' id='word_1_348' title='bbox 481 903 544 922; x_wconf 82' lang='lat' dir='ltr'>Quarto,</span> <span class='ocrx_word' id='word_1_349' title='bbox 552 903 590 924; x_wconf 82' lang='lat' dir='ltr'>quia</span> <span class='ocrx_word' id='word_1_350' title='bbox 601 903 617 919; x_wconf 91' lang='lat' dir='ltr'>in</span> 
     </span>
     <span class='ocr_line' id='line_1_56' title="bbox 243 927 617 949; baseline 0 -6"><span class='ocrx_word' id='word_1_351' title='bbox 243 930 315 949; x_wconf 84' lang='lat' dir='ltr'>ternpore</span> <span class='ocrx_word' id='word_1_352' title='bbox 324 928 354 943; x_wconf 80' lang='lat' dir='ltr'>isto</span> <span class='ocrx_word' id='word_1_353' title='bbox 364 927 479 948; x_wconf 71' lang='lat' dir='ltr'>gratiosissime</span> <span class='ocrx_word' id='word_1_354' title='bbox 490 927 565 943; x_wconf 79' lang='lat' dir='ltr'>subvenit</span> <span class='ocrx_word' id='word_1_355' title='bbox 575 928 617 944; x_wconf 90' lang='lat' dir='ltr'>Deus</span> 
     </span>
     <span class='ocr_line' id='line_1_57' title="bbox 242 952 616 973; baseline 0 -5"><span class='ocrx_word' id='word_1_356' title='bbox 242 953 271 968; x_wconf 91' lang='lat' dir='ltr'>uni</span> <span class='ocrx_word' id='word_1_357' title='bbox 282 957 311 973; x_wconf 88' lang='lat' dir='ltr'>per</span> <span class='ocrx_word' id='word_1_358' title='bbox 321 952 377 971; x_wconf 86' lang='lat' dir='ltr'>alium,</span> <span class='ocrx_word' id='word_1_359' title='bbox 389 954 443 973; x_wconf 82' lang='lat' dir='ltr'>utpote</span> <span class='ocrx_word' id='word_1_360' title='bbox 455 952 530 968; x_wconf 73' lang='lat' dir='ltr'>Ecclesioe</span> <span class='ocrx_word' id='word_1_361' title='bbox 542 952 616 968; x_wconf 70' lang='lat' dir='ltr'>militanti</span> 
     </span>
     <span class='ocr_line' id='line_1_58' title="bbox 242 977 617 998; baseline 0 -5"><span class='ocrx_word' id='word_1_362' title='bbox 242 982 271 998; x_wconf 89' lang='lat' dir='ltr'>per</span> <span class='ocrx_word' id='word_1_363' title='bbox 279 977 366 993; x_wconf 72' lang='lat' dir='ltr'>Ecclesiam</span> <span class='ocrx_word' id='word_1_364' title='bbox 374 977 505 997; x_wconf 79' lang='lat' dir='ltr'>triumphantem,</span> <span class='ocrx_word' id='word_1_365' title='bbox 515 977 617 998; x_wconf 77' lang='lat' dir='ltr'>potissimum</span> 
     </span>
     <span class='ocr_line' id='line_1_59' title="bbox 242 1001 617 1023; baseline 0 -6"><span class='ocrx_word' id='word_1_366' title='bbox 242 1006 271 1023; x_wconf 87' lang='lat' dir='ltr'>per</span> <span class='ocrx_word' id='word_1_367' title='bbox 278 1001 359 1022; x_wconf 75' lang='lat' dir='ltr'>Virginem</span> <span class='ocrx_word' id='word_1_368' title='bbox 369 1001 454 1022; x_wconf 83' lang='lat' dir='ltr'>gloriosam</span> <span class='ocrx_word' id='word_1_369' title='bbox 459 1006 464 1021; x_wconf 81' lang='lat'>;</span> <span class='ocrx_word' id='word_1_370' title='bbox 472 1003 488 1017; x_wconf 92' lang='lat' dir='ltr'>ct</span> <span class='ocrx_word' id='word_1_371' title='bbox 497 1006 526 1022; x_wconf 86' lang='lat' dir='ltr'>per</span> <span class='ocrx_word' id='word_1_372' title='bbox 536 1006 591 1022; x_wconf 87' lang='lat' dir='ltr'>preces</span> <span class='ocrx_word' id='word_1_373' title='bbox 598 1006 617 1017; x_wconf 86' lang='lat' dir='ltr'>ac</span> 
     </span>
     <span class='ocr_line' id='line_1_60' title="bbox 242 1026 617 1047; baseline 0 -5"><span class='ocrx_word' id='word_1_374' title='bbox 242 1026 298 1042; x_wconf 76' lang='lat' dir='ltr'>merita</span> <span class='ocrx_word' id='word_1_375' title='bbox 306 1026 381 1042; x_wconf 71' lang='lat' dir='ltr'>Eeclesiae</span> <span class='ocrx_word' id='word_1_376' title='bbox 391 1026 480 1045; x_wconf 68' lang='lat' dir='ltr'>militantisy</span> <span class='ocrx_word' id='word_1_377' title='bbox 488 1030 517 1047; x_wconf 81' lang='lat' dir='ltr'>pro</span> <span class='ocrx_word' id='word_1_378' title='bbox 527 1026 589 1042; x_wconf 79' lang='lat' dir='ltr'>eunctis</span> <span class='ocrx_word' id='word_1_379' title='bbox 597 1026 617 1042; x_wconf 77' lang='lat' dir='ltr'>fi-</span> 
     </span>
    </p>
   </div>
   <div class='ocr_carea' id='block_1_19' title="bbox 645 779 1016 1047">
    <p class='ocr_par' dir='ltr' id='par_1_19' title="bbox 646 779 1013 825">
     <span class='ocr_line' id='line_1_61' title="bbox 646 779 1013 800; baseline -0.003 -5"><span class='ocrx_word' id='word_1_380' title='bbox 646 781 694 796; x_wconf 67' lang='lat' dir='ltr'>temaa</span> <span class='ocrx_word' id='word_1_381' title='bbox 702 779 781 800; x_wconf 79' lang='lat' dir='ltr'>proficere</span> <span class='ocrx_word' id='word_1_382' title='bbox 789 780 877 800; x_wconf 71' lang='lat' dir='ltr'>negligunt,</span> <span class='ocrx_word' id='word_1_383' title='bbox 885 779 919 796; x_wconf 85' lang='lat' dir='ltr'>imo</span> <span class='ocrx_word' id='word_1_384' title='bbox 926 779 990 800; x_wconf 76' lang='lat' dir='ltr'>insuper</span> <span class='ocrx_word' id='word_1_385' title='bbox 996 781 1013 795; x_wconf 81' lang='lat' dir='ltr'>tot</span> 
     </span>
     <span class='ocr_line' id='line_1_62' title="bbox 646 804 931 825; baseline 0 -5"><span class='ocrx_word' id='word_1_386' title='bbox 646 807 710 825; x_wconf 85' lang='lat' dir='ltr'>peccata</span> <span class='ocrx_word' id='word_1_387' title='bbox 722 804 765 820; x_wconf 91' lang='lat' dir='ltr'>omni</span> <span class='ocrx_word' id='word_1_388' title='bbox 777 805 803 820; x_wconf 85' lang='lat' dir='ltr'>die</span> <span class='ocrx_word' id='word_1_389' title='bbox 813 805 931 820; x_wconf 65' lang='lat' dir='ltr'>committunt!</span> 
     </span>
    </p>

    <p class='ocr_par' dir='ltr' id='par_1_20' title="bbox 645 829 1016 1047">
     <span class='ocr_line' id='line_1_63' title="bbox 666 829 1014 850; baseline -0.003 -5"><span class='ocrx_word' id='word_1_390' title='bbox 666 829 733 845; x_wconf 73' lang='lat' dir='ltr'>Atoende</span> <span class='ocrx_word' id='word_1_391' title='bbox 748 833 791 849; x_wconf 78' lang='lat' dir='ltr'>ergo,</span> <span class='ocrx_word' id='word_1_392' title='bbox 807 833 816 845; x_wconf 93' lang='lat' dir='ltr'>o</span> <span class='ocrx_word' id='word_1_393' title='bbox 830 829 884 848; x_wconf 79' lang='lat' dir='ltr'>homo,</span> <span class='ocrx_word' id='word_1_394' title='bbox 900 829 977 850; x_wconf 80' lang='lat' dir='ltr'>temporis</span> <span class='ocrx_word' id='word_1_395' title='bbox 990 829 1014 844; x_wconf 70' lang='lat' dir='ltr'>tilii</span> 
     </span>
     <span class='ocr_line' id='line_1_64' title="bbox 646 853 1014 874; baseline 0 -5"><span class='ocrx_word' id='word_1_396' title='bbox 646 854 718 869; x_wconf 81' lang='lat' dir='ltr'>concessi</span> <span class='ocrx_word' id='word_1_397' title='bbox 734 853 866 874; x_wconf 86' lang='lat' dir='ltr'>pretiosissimam</span> <span class='ocrx_word' id='word_1_398' title='bbox 881 854 980 874; x_wconf 80' lang='lat' dir='ltr'>dignitatem.</span> <span class='ocrx_word' id='word_1_399' title='bbox 994 854 1014 869; x_wconf 71' lang='lat' dir='ltr'>Ait</span> 
     </span>
     <span class='ocr_line' id='line_1_65' title="bbox 646 878 1014 899; baseline 0 -5"><span class='ocrx_word' id='word_1_400' title='bbox 646 883 715 899; x_wconf 79' lang='lat' dir='ltr'>nemque</span> <span class='ocrx_word' id='word_1_401' title='bbox 727 878 816 894; x_wconf 84' lang='lat' dir='ltr'>Beraerdus</span> <span class='ocrx_word' id='word_1_402' title='bbox 829 883 833 894; x_wconf 92' lang='lat'>:</span> <span class='ocrx_word' id='word_1_403' title='bbox 845 878 871 894; x_wconf 85' lang='lat' dir='ltr'>Nil</span> <span class='ocrx_word' id='word_1_404' title='bbox 883 879 970 899; x_wconf 87' lang='lat' dir='ltr'>pretiosius</span> <span class='ocrx_word' id='word_1_405' title='bbox 981 880 1014 894; x_wconf 67' lang='lat' dir='ltr'>tear</span> 
     </span>
     <span class='ocr_line' id='line_1_66' title="bbox 646 903 1015 924; baseline 0.003 -6"><span class='ocrx_word' id='word_1_406' title='bbox 646 907 684 923; x_wconf 89' lang='lat' dir='ltr'>pore</span> <span class='ocrx_word' id='word_1_407' title='bbox 690 907 695 923; x_wconf 85' lang='lat'>;</span> <span class='ocrx_word' id='word_1_408' title='bbox 703 905 719 918; x_wconf 90' lang='lat' dir='ltr'>et</span> <span class='ocrx_word' id='word_1_409' title='bbox 731 903 772 918; x_wconf 73' lang='lat' dir='ltr'>lieu!</span> <span class='ocrx_word' id='word_1_410' title='bbox 783 903 823 918; x_wconf 81' lang='lat' dir='ltr'>nihil</span> <span class='ocrx_word' id='word_1_411' title='bbox 834 903 883 919; x_wconf 87' lang='lat' dir='ltr'>vilius</span> <span class='ocrx_word' id='word_1_412' title='bbox 893 905 966 924; x_wconf 84' lang='lat' dir='ltr'>tempore</span> <span class='ocrx_word' id='word_1_413' title='bbox 976 908 1015 924; x_wconf 77' lang='lat' dir='ltr'>repu-</span> 
     </span>
     <span class='ocr_line' id='line_1_67' title="bbox 646 927 1015 946; baseline 0 -3"><span class='ocrx_word' id='word_1_414' title='bbox 646 929 692 943; x_wconf 84' lang='lat' dir='ltr'>tatur.</span> <span class='ocrx_word' id='word_1_415' title='bbox 702 928 790 943; x_wconf 73' lang='lat' dir='ltr'>Transeunt</span> <span class='ocrx_word' id='word_1_416' title='bbox 799 927 833 943; x_wconf 82' lang='lat' dir='ltr'>dies</span> <span class='ocrx_word' id='word_1_417' title='bbox 844 927 905 946; x_wconf 83' lang='lat' dir='ltr'>salutis,</span> <span class='ocrx_word' id='word_1_418' title='bbox 914 930 931 943; x_wconf 81' lang='lat' dir='ltr'>et</span> <span class='ocrx_word' id='word_1_419' title='bbox 941 932 988 944; x_wconf 77' lang='lat' dir='ltr'>nemo</span> <span class='ocrx_word' id='word_1_420' title='bbox 996 932 1015 943; x_wconf 78' lang='grc' dir='ltr'>η-</span> 
     </span>
     <span class='ocr_line' id='line_1_68' title="bbox 646 952 1014 973; baseline 0 -5"><span class='ocrx_word' id='word_1_421' title='bbox 646 952 709 972; x_wconf 76' lang='lat' dir='ltr'>cogitat,</span> <span class='ocrx_word' id='word_1_422' title='bbox 720 956 768 968; x_wconf 85' lang='lat' dir='ltr'>nemo</span> <span class='ocrx_word' id='word_1_423' title='bbox 778 952 831 973; x_wconf 85' lang='lat' dir='ltr'>perire</span> <span class='ocrx_word' id='word_1_424' title='bbox 841 952 872 968; x_wconf 81' lang='lat' dir='ltr'>sibi</span> <span class='ocrx_word' id='word_1_425' title='bbox 882 952 926 968; x_wconf 89' lang='lat' dir='ltr'>diem</span> <span class='ocrx_word' id='word_1_426' title='bbox 937 957 1014 973; x_wconf 68' lang='lat' dir='ltr'>nunquan</span> 
     </span>
     <span class='ocr_line' id='line_1_69' title="bbox 645 977 1015 993; baseline 0.003 -1"><span class='ocrx_word' id='word_1_427' title='bbox 645 977 735 992; x_wconf 85' lang='lat' dir='ltr'>rediturum</span> <span class='ocrx_word' id='word_1_428' title='bbox 749 979 828 992; x_wconf 82' lang='lat' dir='ltr'>causatur.</span> <span class='ocrx_word' id='word_1_429' title='bbox 844 977 884 993; x_wconf 81' lang='lat' dir='ltr'>Hinc</span> <span class='ocrx_word' id='word_1_430' title='bbox 899 977 942 993; x_wconf 84' lang='lat' dir='ltr'>idem</span> <span class='ocrx_word' id='word_1_431' title='bbox 957 979 1015 993; x_wconf 74' lang='lat' dir='ltr'>sanetus</span> 
     </span>
     <span class='ocr_line' id='line_1_70' title="bbox 645 1001 1015 1022; baseline 0 -5"><span class='ocrx_word' id='word_1_432' title='bbox 645 1001 690 1017; x_wconf 79' lang='lat' dir='ltr'>Pater</span> <span class='ocrx_word' id='word_1_433' title='bbox 704 1001 763 1017; x_wconf 87' lang='lat' dir='ltr'>iterum</span> <span class='ocrx_word' id='word_1_434' title='bbox 778 1001 849 1022; x_wconf 88' lang='lat' dir='ltr'>loquitur</span> <span class='ocrx_word' id='word_1_435' title='bbox 865 1006 868 1017; x_wconf 96' lang='lat'><strong>:</strong></span> <span class='ocrx_word' id='word_1_436' title='bbox 883 1002 934 1018; x_wconf 80' lang='lat' dir='ltr'>Nemo</span> <span class='ocrx_word' id='word_1_437' title='bbox 949 1004 1015 1018; x_wconf 80' lang='lat' dir='ltr'>nostruin</span> 
     </span>
     <span class='ocr_line' id='line_1_71' title="bbox 645 1026 1016 1047; baseline 0.003 -5"><span class='ocrx_word' id='word_1_438' title='bbox 645 1026 690 1047; x_wconf 85' lang='lat' dir='ltr'>parvi</span> <span class='ocrx_word' id='word_1_439' title='bbox 700 1026 768 1042; x_wconf 77' lang='lat' dir='ltr'>aestimet</span> <span class='ocrx_word' id='word_1_440' title='bbox 775 1028 839 1047; x_wconf 83' lang='lat' dir='ltr'>tempus</span> <span class='ocrx_word' id='word_1_441' title='bbox 848 1027 891 1047; x_wconf 84' lang='lat' dir='ltr'>quod</span> <span class='ocrx_word' id='word_1_442' title='bbox 899 1027 916 1042; x_wconf 93' lang='lat' dir='ltr'>in</span> <span class='ocrx_word' id='word_1_443' title='bbox 923 1027 978 1043; x_wconf 76' lang='lat' dir='ltr'>verbis</span> <span class='ocrx_word' id='word_1_444' title='bbox 986 1031 1016 1043; x_wconf 80' lang='lat' dir='ltr'>con·</span> 
     </span>
    </p>
   </div>
   <div class='ocr_carea' id='block_1_20' title="bbox 242 1051 1016 1072">
    <p class='ocr_par' dir='ltr' id='par_1_21' title="bbox 242 1051 1016 1072">
     <span class='ocr_line' id='line_1_72' title="bbox 242 1051 1016 1072; baseline 0.001 -6"><span class='ocrx_word' id='word_1_445' title='bbox 242 1051 305 1067; x_wconf 80' lang='lat' dir='ltr'>delibus</span> <span class='ocrx_word' id='word_1_446' title='bbox 312 1051 384 1072; x_wconf 83' lang='lat' dir='ltr'>quotidie</span> <span class='ocrx_word' id='word_1_447' title='bbox 392 1051 497 1071; x_wconf 75' lang='lat' dir='ltr'>deprecantiS,</span> <span class='ocrx_word' id='word_1_448' title='bbox 506 1051 617 1071; x_wconf 78' lang='lat' dir='ltr'>multipliciter</span> <span class='ocrx_word' id='word_1_449' title='bbox 625 1051 637 1067; x_wconf 90' lang='lat' dir='ltr'>D</span> <span class='ocrx_word' id='word_1_450' title='bbox 645 1051 714 1067; x_wconf 88' lang='lat' dir='ltr'>sumitur</span> <span class='ocrx_word' id='word_1_451' title='bbox 724 1051 784 1067; x_wconf 79' lang='lat' dir='ltr'>otiosis.</span> <span class='ocrx_word' id='word_1_452' title='bbox 792 1051 838 1067; x_wconf 75' lang='lat' dir='ltr'>Volat</span> <span class='ocrx_word' id='word_1_453' title='bbox 847 1051 915 1067; x_wconf 83' lang='lat' dir='ltr'>verbum</span> <span class='ocrx_word' id='word_1_454' title='bbox 925 1052 1016 1068; x_wconf 70' lang='lat' dir='ltr'>irrevocabi-</span> 
     </span>
    </p>
   </div>
   <div class='ocr_carea' id='block_1_21' title="bbox 242 1075 618 1341">
    <p class='ocr_par' dir='ltr' id='par_1_22' title="bbox 242 1075 618 1190">
     <span class='ocr_line' id='line_1_73' title="bbox 242 1075 617 1096; baseline 0 -5"><span class='ocrx_word' id='word_1_455' title='bbox 242 1076 284 1092; x_wconf 80' lang='lat' dir='ltr'>Deus</span> <span class='ocrx_word' id='word_1_456' title='bbox 292 1076 372 1092; x_wconf 82' lang='lat' dir='ltr'>succurrit</span> <span class='ocrx_word' id='word_1_457' title='bbox 379 1075 490 1096; x_wconf 73' lang='lat' dir='ltr'>peccatoribus</span> <span class='ocrx_word' id='word_1_458' title='bbox 498 1076 561 1095; x_wconf 81' lang='lat' dir='ltr'>multis3</span> <span class='ocrx_word' id='word_1_459' title='bbox 569 1078 617 1096; x_wconf 81' lang='lat' dir='ltr'>atque</span> 
     </span>
     <span class='ocr_line' id='line_1_74' title="bbox 242 1100 617 1122; baseline 0 -6"><span class='ocrx_word' id='word_1_460' title='bbox 242 1105 271 1122; x_wconf 88' lang='lat' dir='ltr'>per</span> <span class='ocrx_word' id='word_1_461' title='bbox 278 1101 360 1116; x_wconf 72' lang='lat' dir='ltr'>caritatem</span> <span class='ocrx_word' id='word_1_462' title='bbox 370 1100 446 1116; x_wconf 88' lang='lat' dir='ltr'>meritum</span> <span class='ocrx_word' id='word_1_463' title='bbox 457 1100 505 1116; x_wconf 89' lang='lat' dir='ltr'>unius</span> <span class='ocrx_word' id='word_1_464' title='bbox 515 1100 593 1116; x_wconf 83' lang='lat' dir='ltr'>redundet</span> <span class='ocrx_word' id='word_1_465' title='bbox 600 1101 617 1116; x_wconf 90' lang='lat' dir='ltr'>in</span> 
     </span>
     <span class='ocr_line' id='line_1_75' title="bbox 242 1125 618 1145; baseline -0.003 -4"><span class='ocrx_word' id='word_1_466' title='bbox 242 1125 297 1141; x_wconf 65' lang='lat' dir='ltr'>alium⁴</span> <span class='ocrx_word' id='word_1_467' title='bbox 308 1125 402 1141; x_wconf 70' lang='lat' dir='ltr'>Rectissime</span> <span class='ocrx_word' id='word_1_468' title='bbox 413 1129 450 1145; x_wconf 84' lang='lat' dir='ltr'>ergo</span> <span class='ocrx_word' id='word_1_469' title='bbox 462 1127 526 1145; x_wconf 89' lang='lat' dir='ltr'>tempus</span> <span class='ocrx_word' id='word_1_470' title='bbox 538 1125 618 1145; x_wconf 80' lang='lat' dir='ltr'>evangeli-</span> 
     </span>
     <span class='ocr_line' id='line_1_76' title="bbox 242 1149 617 1170; baseline 0 -5"><span class='ocrx_word' id='word_1_471' title='bbox 242 1155 265 1166; x_wconf 62' lang='grc' dir='ltr'>σω</span> <span class='ocrx_word' id='word_1_472' title='bbox 276 1149 394 1170; x_wconf 75' lang='lat' dir='ltr'>legis,&#39;tempus</span> <span class='ocrx_word' id='word_1_473' title='bbox 404 1149 503 1170; x_wconf 68' lang='lat' dir='ltr'>acceptabile</span> <span class='ocrx_word' id='word_1_474' title='bbox 515 1151 617 1170; x_wconf 86' lang='lat' dir='ltr'>nuncupatur</span> 
     </span>
     <span class='ocr_line' id='line_1_77' title="bbox 242 1174 376 1190; baseline 0 0"><span class='ocrx_word' id='word_1_475' title='bbox 242 1179 260 1190; x_wconf 82' lang='lat' dir='ltr'>ac</span> <span class='ocrx_word' id='word_1_476' title='bbox 271 1175 305 1190; x_wconf 84' lang='lat' dir='ltr'>dies</span> <span class='ocrx_word' id='word_1_477' title='bbox 316 1174 376 1190; x_wconf 82' lang='lat' dir='ltr'>salutis.</span> 
     </span>
    </p>

    <p class='ocr_par' dir='ltr' id='par_1_23' title="bbox 242 1198 617 1341">
     <span class='ocr_line' id='line_1_78' title="bbox 262 1198 616 1220; baseline -0.003 -5"><span class='ocrx_word' id='word_1_478' title='bbox 262 1199 338 1215; x_wconf 63' lang='lat' dir='ltr'>erotem</span> <span class='ocrx_word' id='word_1_479' title='bbox 347 1201 411 1220; x_wconf 81' lang='lat' dir='ltr'>tempus</span> <span class='ocrx_word' id='word_1_480' title='bbox 421 1198 463 1214; x_wconf 83' lang='lat' dir='ltr'>istud</span> <span class='ocrx_word' id='word_1_481' title='bbox 471 1198 523 1214; x_wconf 74' lang='lat' dir='ltr'>adhuc</span> <span class='ocrx_word' id='word_1_482' title='bbox 530 1199 562 1215; x_wconf 83' lang='lat' dir='ltr'>alia</span> <span class='ocrx_word' id='word_1_483' title='bbox 569 1199 616 1215; x_wconf 77' lang='lat' dir='ltr'>ratio-</span> 
     </span>
     <span class='ocr_line' id='line_1_79' title="bbox 242 1223 616 1244; baseline -0.003 -4"><span class='ocrx_word' id='word_1_484' title='bbox 242 1229 262 1240; x_wconf 85' lang='lat' dir='ltr'>ne</span> <span class='ocrx_word' id='word_1_485' title='bbox 268 1229 276 1239; x_wconf 67' lang='grc' dir='ltr'>τι</span> <span class='ocrx_word' id='word_1_486' title='bbox 281 1225 346 1244; x_wconf 68' lang='lat' dir='ltr'>tempus</span> <span class='ocrx_word' id='word_1_487' title='bbox 352 1223 451 1244; x_wconf 69' lang='lat' dir='ltr'>acceptabile</span> <span class='ocrx_word' id='word_1_488' title='bbox 456 1229 465 1238; x_wconf 74' lang='lat' dir='ltr'>n</span> <span class='ocrx_word' id='word_1_489' title='bbox 470 1225 487 1239; x_wconf 88' lang='lat' dir='ltr'>et</span> <span class='ocrx_word' id='word_1_490' title='bbox 494 1229 503 1238; x_wconf 76' lang='grc' dir='ltr'><em>α</em></span> <span class='ocrx_word' id='word_1_491' title='bbox 508 1223 543 1239; x_wconf 86' lang='lat' dir='ltr'>dies</span> <span class='ocrx_word' id='word_1_492' title='bbox 548 1229 557 1238; x_wconf 73' lang='lat' dir='ltr'>n</span> <span class='ocrx_word' id='word_1_493' title='bbox 563 1224 616 1244; x_wconf 80' lang='lat' dir='ltr'>appel-</span> 
     </span>
     <span class='ocr_line' id='line_1_80' title="bbox 242 1248 617 1269; baseline -0.003 -4"><span class='ocrx_word' id='word_1_494' title='bbox 242 1249 284 1265; x_wconf 85' lang='lat' dir='ltr'>latur</span> <span class='ocrx_word' id='word_1_495' title='bbox 289 1254 297 1263; x_wconf 82' lang='grc' dir='ltr'>ιι</span> <span class='ocrx_word' id='word_1_496' title='bbox 302 1248 357 1264; x_wconf 73' lang='lat' dir='ltr'>solutis</span> <span class='ocrx_word' id='word_1_497' title='bbox 363 1254 371 1263; x_wconf 75' lang='grc' dir='ltr'>ιι</span> <span class='ocrx_word' id='word_1_498' title='bbox 378 1252 382 1263; x_wconf 78' lang='lat'>2</span> <span class='ocrx_word' id='word_1_499' title='bbox 388 1248 426 1269; x_wconf 84' lang='lat' dir='ltr'>quia</span> <span class='ocrx_word' id='word_1_500' title='bbox 433 1248 508 1264; x_wconf 81' lang='lat' dir='ltr'>videlieet</span> <span class='ocrx_word' id='word_1_501' title='bbox 515 1248 531 1264; x_wconf 93' lang='lat' dir='ltr'>in</span> <span class='ocrx_word' id='word_1_502' title='bbox 539 1248 617 1269; x_wconf 72' lang='lat' dir='ltr'>ipso,om-</span> 
     </span>
     <span class='ocr_line' id='line_1_81' title="bbox 242 1272 616 1293; baseline -0.003 -4"><span class='ocrx_word' id='word_1_503' title='bbox 242 1274 259 1290; x_wconf 91' lang='lat' dir='ltr'>ni</span> <span class='ocrx_word' id='word_1_504' title='bbox 267 1274 305 1289; x_wconf 80' lang='lat' dir='ltr'>liora</span> <span class='ocrx_word' id='word_1_505' title='bbox 313 1275 345 1289; x_wconf 77' lang='lat' dir='ltr'>tarn</span> <span class='ocrx_word' id='word_1_506' title='bbox 355 1272 425 1289; x_wconf 90' lang='lat' dir='ltr'>multum</span> <span class='ocrx_word' id='word_1_507' title='bbox 436 1272 520 1293; x_wconf 79' lang='lat' dir='ltr'>prolicere,</span> <span class='ocrx_word' id='word_1_508' title='bbox 528 1273 616 1293; x_wconf 81' lang='lat' dir='ltr'>promereri</span> 
     </span>
     <span class='ocr_line' id='line_1_82' title="bbox 242 1297 617 1319; baseline -0.003 -5"><span class='ocrx_word' id='word_1_509' title='bbox 242 1297 377 1319; x_wconf 76' lang='lat' dir='ltr'>spiritualiterque</span> <span class='ocrx_word' id='word_1_510' title='bbox 384 1297 430 1313; x_wconf 78' lang='lat' dir='ltr'>ditari</span> <span class='ocrx_word' id='word_1_511' title='bbox 438 1297 533 1317; x_wconf 70' lang='lat' dir='ltr'>valemus,et</span> <span class='ocrx_word' id='word_1_512' title='bbox 539 1299 570 1313; x_wconf 71' lang='lat' dir='ltr'>tam</span> <span class='ocrx_word' id='word_1_513' title='bbox 577 1297 617 1313; x_wconf 76' lang='lat' dir='ltr'>mul-</span> 
     </span>
     <span class='ocr_line' id='line_1_83' title="bbox 242 1322 616 1341; baseline -0.005 -1"><span class='ocrx_word' id='word_1_514' title='bbox 242 1325 258 1340; x_wconf 79' lang='lat' dir='ltr'>ta</span> <span class='ocrx_word' id='word_1_515' title='bbox 268 1323 288 1339; x_wconf 86' lang='lat' dir='ltr'>ad</span> <span class='ocrx_word' id='word_1_516' title='bbox 297 1323 328 1339; x_wconf 79' lang='lat' dir='ltr'>hoc</span> <span class='ocrx_word' id='word_1_517' title='bbox 335 1323 414 1339; x_wconf 69' lang='lat' dir='ltr'>babemus</span> <span class='ocrx_word' id='word_1_518' title='bbox 421 1322 486 1341; x_wconf 80' lang='lat' dir='ltr'>auxilia,</span> <span class='ocrx_word' id='word_1_519' title='bbox 494 1322 561 1341; x_wconf 78' lang='lat' dir='ltr'>scilieet,</span> <span class='ocrx_word' id='word_1_520' title='bbox 569 1322 616 1338; x_wconf 86' lang='lat' dir='ltr'>mise-</span> 
     </span>
    </p>
   </div>
   <div class='ocr_carea' id='block_1_22' title="bbox 643 1076 1018 1345">
    <p class='ocr_par' dir='ltr' id='par_1_24' title="bbox 643 1076 1018 1345">
     <span class='ocr_line' id='line_1_84' title="bbox 645 1076 1016 1096; baseline 0.003 -5"><span class='ocrx_word' id='word_1_521' title='bbox 645 1076 665 1094; x_wconf 91' lang='lat' dir='ltr'>le,</span> <span class='ocrx_word' id='word_1_522' title='bbox 673 1076 716 1091; x_wconf 78' lang='lat' dir='ltr'>volnt</span> <span class='ocrx_word' id='word_1_523' title='bbox 724 1078 787 1096; x_wconf 90' lang='lat' dir='ltr'>tempus</span> <span class='ocrx_word' id='word_1_524' title='bbox 798 1076 905 1095; x_wconf 76' lang='lat' dir='ltr'>irremeabile,</span> <span class='ocrx_word' id='word_1_525' title='bbox 914 1081 944 1092; x_wconf 80' lang='lat' dir='ltr'>nec</span> <span class='ocrx_word' id='word_1_526' title='bbox 954 1076 1016 1092; x_wconf 74' lang='lat' dir='ltr'>advertit</span> 
     </span>
     <span class='ocr_line' id='line_1_85' title="bbox 645 1100 1016 1122; baseline 0 -6"><span class='ocrx_word' id='word_1_527' title='bbox 645 1100 723 1121; x_wconf 84' lang='lat' dir='ltr'>insipiens</span> <span class='ocrx_word' id='word_1_528' title='bbox 733 1100 771 1121; x_wconf 81' lang='lat' dir='ltr'>quid</span> <span class='ocrx_word' id='word_1_529' title='bbox 782 1101 848 1116; x_wconf 69' lang='lat' dir='ltr'>amittat⁴</span> <span class='ocrx_word' id='word_1_530' title='bbox 858 1100 962 1120; x_wconf 73' lang='lat' dir='ltr'>rahulemur,</span> <span class='ocrx_word' id='word_1_531' title='bbox 971 1101 1016 1122; x_wconf 83' lang='lat' dir='ltr'>inqui-</span> 
     </span>
     <span class='ocr_line' id='line_1_86' title="bbox 645 1125 1016 1146; baseline 0.003 -6"><span class='ocrx_word' id='word_1_532' title='bbox 645 1127 678 1144; x_wconf 79' lang='lat' dir='ltr'>unt,</span> <span class='ocrx_word' id='word_1_533' title='bbox 694 1125 744 1141; x_wconf 82' lang='lat' dir='ltr'>donee</span> <span class='ocrx_word' id='word_1_534' title='bbox 758 1125 797 1141; x_wconf 82' lang='lat' dir='ltr'>liora</span> <span class='ocrx_word' id='word_1_535' title='bbox 812 1127 915 1146; x_wconf 77' lang='lat' dir='ltr'>pertranseat.</span> <span class='ocrx_word' id='word_1_536' title='bbox 930 1125 942 1141; x_wconf 91' lang='lat'>0</span> <span class='ocrx_word' id='word_1_537' title='bbox 952 1127 956 1141; x_wconf 86' lang='lat'>!</span> <span class='ocrx_word' id='word_1_538' title='bbox 972 1126 1016 1142; x_wconf 81' lang='lat' dir='ltr'>donec</span> 
     </span>
     <span class='ocr_line' id='line_1_87' title="bbox 645 1149 1016 1171; baseline 0.003 -6"><span class='ocrx_word' id='word_1_539' title='bbox 645 1151 727 1170; x_wconf 60' lang='lat' dir='ltr'>praetereat</span> <span class='ocrx_word' id='word_1_540' title='bbox 735 1150 773 1165; x_wconf 78' lang='lat' dir='ltr'>bora</span> <span class='ocrx_word' id='word_1_541' title='bbox 780 1154 828 1170; x_wconf 82' lang='lat' dir='ltr'>quain</span> <span class='ocrx_word' id='word_1_542' title='bbox 836 1149 865 1165; x_wconf 86' lang='lat' dir='ltr'>tihi</span> <span class='ocrx_word' id='word_1_543' title='bbox 873 1150 893 1166; x_wconf 86' lang='lat' dir='ltr'>ad</span> <span class='ocrx_word' id='word_1_544' title='bbox 901 1150 981 1170; x_wconf 76' lang='lat' dir='ltr'>agendam</span> <span class='ocrx_word' id='word_1_545' title='bbox 989 1155 1016 1171; x_wconf 61' lang='lat' dir='ltr'>pm</span> 
     </span>
     <span class='ocr_line' id='line_1_88' title="bbox 645 1174 1017 1195; baseline 0.003 -6"><span class='ocrx_word' id='word_1_546' title='bbox 645 1174 734 1193; x_wconf 78' lang='lat' dir='ltr'>nitentiam,</span> <span class='ocrx_word' id='word_1_547' title='bbox 742 1174 762 1190; x_wconf 78' lang='lat' dir='ltr'>ad</span> <span class='ocrx_word' id='word_1_548' title='bbox 771 1174 874 1190; x_wconf 85' lang='lat' dir='ltr'>obtinendam</span> <span class='ocrx_word' id='word_1_549' title='bbox 884 1175 960 1195; x_wconf 72' lang='lat' dir='ltr'>gratiam.</span> <span class='ocrx_word' id='word_1_550' title='bbox 968 1175 988 1190; x_wconf 78' lang='lat' dir='ltr'>ad</span> <span class='ocrx_word' id='word_1_551' title='bbox 996 1180 1017 1190; x_wconf 80' lang='lat' dir='ltr'>ar-</span> 
     </span>
     <span class='ocr_line' id='line_1_89' title="bbox 645 1199 1016 1219; baseline 0.003 -5"><span class='ocrx_word' id='word_1_552' title='bbox 645 1199 739 1219; x_wconf 79' lang='lat' dir='ltr'>quirendam</span> <span class='ocrx_word' id='word_1_553' title='bbox 753 1199 820 1219; x_wconf 79' lang='lat' dir='ltr'>gloriam</span> <span class='ocrx_word' id='word_1_554' title='bbox 835 1199 917 1215; x_wconf 80' lang='lat' dir='ltr'>miseratio</span> <span class='ocrx_word' id='word_1_555' title='bbox 929 1199 1016 1215; x_wconf 77' lang='lat' dir='ltr'>Conditoris</span> 
     </span>
     <span class='ocr_line' id='line_1_90' title="bbox 644 1223 1017 1245; baseline 0.003 -6"><span class='ocrx_word' id='word_1_556' title='bbox 644 1223 718 1243; x_wconf 82' lang='lat' dir='ltr'>indulsit3</span> <span class='ocrx_word' id='word_1_557' title='bbox 727 1223 777 1239; x_wconf 82' lang='lat' dir='ltr'>donee</span> <span class='ocrx_word' id='word_1_558' title='bbox 786 1225 855 1239; x_wconf 80' lang='lat' dir='ltr'>transeat</span> <span class='ocrx_word' id='word_1_559' title='bbox 864 1226 929 1245; x_wconf 85' lang='lat' dir='ltr'>tempus</span> <span class='ocrx_word' id='word_1_560' title='bbox 939 1229 974 1245; x_wconf 83' lang='lat' dir='ltr'>quo</span> <span class='ocrx_word' id='word_1_561' title='bbox 983 1224 1017 1240; x_wconf 77' lang='lat' dir='ltr'>diu&#39;-</span> 
     </span>
     <span class='ocr_line' id='line_1_91' title="bbox 644 1248 1017 1270; baseline 0.003 -7"><span class='ocrx_word' id='word_1_562' title='bbox 644 1253 681 1264; x_wconf 74' lang='lat' dir='ltr'>nam</span> <span class='ocrx_word' id='word_1_563' title='bbox 692 1248 797 1269; x_wconf 74' lang='lat' dir='ltr'>repropitiare</span> <span class='ocrx_word' id='word_1_564' title='bbox 807 1248 884 1264; x_wconf 77' lang='lat' dir='ltr'>debueras</span> <span class='ocrx_word' id='word_1_565' title='bbox 895 1248 979 1269; x_wconf 72' lang='lat' dir='ltr'>pietatem,</span> <span class='ocrx_word' id='word_1_566' title='bbox 987 1253 1017 1270; x_wconf 79' lang='lat' dir='ltr'>pio-</span> 
     </span>
     <span class='ocr_line' id='line_1_92' title="bbox 644 1273 1017 1295; baseline 0.003 -7"><span class='ocrx_word' id='word_1_567' title='bbox 644 1277 700 1294; x_wconf 87' lang='lat' dir='ltr'>perare</span> <span class='ocrx_word' id='word_1_568' title='bbox 707 1273 727 1288; x_wconf 84' lang='lat' dir='ltr'>ad</span> <span class='ocrx_word' id='word_1_569' title='bbox 734 1273 823 1293; x_wconf 77' lang='lat' dir='ltr'>angelicam</span> <span class='ocrx_word' id='word_1_570' title='bbox 832 1273 930 1292; x_wconf 76' lang='lat' dir='ltr'>societatem,</span> <span class='ocrx_word' id='word_1_571' title='bbox 939 1274 1017 1295; x_wconf 63' lang='lat' dir='ltr'>suspirare</span> 
     </span>
     <span class='ocr_line' id='line_1_93' title="bbox 643 1297 1018 1319; baseline 0.003 -6"><span class='ocrx_word' id='word_1_572' title='bbox 643 1298 663 1314; x_wconf 83' lang='lat' dir='ltr'>ad</span> <span class='ocrx_word' id='word_1_573' title='bbox 671 1297 746 1314; x_wconf 73' lang='lat' dir='ltr'>emissam</span> <span class='ocrx_word' id='word_1_574' title='bbox 754 1297 952 1319; x_wconf 77' lang='lat' dir='ltr'>hereditatem,adspirare</span> <span class='ocrx_word' id='word_1_575' title='bbox 960 1299 981 1314; x_wconf 72' lang='lat' dir='ltr'>ad</span> <span class='ocrx_word' id='word_1_576' title='bbox 988 1303 1018 1319; x_wconf 76' lang='lat' dir='ltr'>pm-</span> 
     </span>
     <span class='ocr_line' id='line_1_94' title="bbox 644 1322 1017 1345; baseline 0.005 -7"><span class='ocrx_word' id='word_1_577' title='bbox 644 1323 710 1339; x_wconf 87' lang='lat' dir='ltr'>missam</span> <span class='ocrx_word' id='word_1_578' title='bbox 717 1322 816 1341; x_wconf 71' lang='lat' dir='ltr'>felicitatem,</span> <span class='ocrx_word' id='word_1_579' title='bbox 824 1323 893 1339; x_wconf 78' lang='lat' dir='ltr'>excitare</span> <span class='ocrx_word' id='word_1_580' title='bbox 902 1325 947 1339; x_wconf 83' lang='lat' dir='ltr'>tuam</span> <span class='ocrx_word' id='word_1_581' title='bbox 959 1324 1017 1345; x_wconf 78' lang='lat' dir='ltr'>pigram</span> 
     </span>
    </p>
   </div>
   <div class='ocr_carea' id='block_1_23' title="bbox 1049 0 1055 1555">
    <p class='ocr_par' dir='ltr' id='par_1_25' title="bbox 1049 0 1055 1555">
     <span class='ocr_line' id='line_1_95' title="bbox 1049 0 1055 1555; baseline 0 0"><span class='ocrx_word' id='word_1_582' title='bbox 1049 0 1055 1555; x_wconf 95' lang='lat' dir='ltr'> </span> 
     </span>
    </p>
   </div>
  </div>
 </body>
</html>
