1079 1569
312 125 386 137 ιιοΙιΝιοΛ
397 126 408 137 ιι
419 125 502 137 ,sommus
514 130 534 133 -
544 125 594 137 suano
604 126 666 137 'rannus

855 120 875 136 55

99 170 175 189 punctus,
186 173 204 184 se
214 168 332 188 perfectissime
342 167 441 187 emendavit;
452 168 475 183 in·
482 167 495 183 Δ
502 167 583 188 prioribus
593 168 667 189 loquendi
678 168 721 184 vitiis
731 173 748 184 se
758 167 875 187 cusmdientes;

99 197 196 213 gressusque
208 197 286 211 eremum,
296 195 312 208 et
325 192 347 208 ibi
359 192 475 208 abstinentissi-

100 223 126 234 me
133 218 196 236 vivens,
204 217 284 233 radicibus
294 217 380 233 herbarum
389 219 405 233 et
413 217 475 233 modica

99 247 141 263 aqua
153 244 243 260 contentus,
255 242 296 257 infra
307 244 338 257 tres
350 246 400 257 annos
413 242 428 257 in
441 243 475 257 tan-

100 269 135 282 tum
145 266 218 287 profecit,
226 266 269 287 quod
279 266 330 282 [nctus
340 267 364 281 est
373 266 449 286 princeps
459 267 475 281 et

100 293 145 312 pater
158 291 297 307 devotissimorum
310 290 430 311 quamplurium
443 295 475 306 rno-

99 316 194 334 nachorum,
207 315 253 336 plura
266 320 329 336 quoque
342 315 380 330 iem't
392 315 473 330 miracula.

99 341 184 361 Quumque
194 340 262 361 quadam
272 340 298 355 die
308 342 381 360 pergeret
390 340 409 355 od
420 344 475 360 quom—

99 365 136 381 dam
144 365 216 381 Fratrum
224 364 363 385 congregationem
371 364 430 385 quihus
437 369 475 384 prae-

98 390 136 408 fuit,
145 391 161 405 et
170 389 204 410 jam
216 389 239 405 sol
251 389 323 405 tenderet
333 389 353 404 ad
364 393 444 407 occasum,
454 389 474 404 ad

99 419 155 435 preces
167 414 203 434 ejus
214 414 237 430 sol
250 413 294 429 stetit
304 414 320 429 in
333 413 374 429 coelo
387 413 474 429 immobilis

99 443 184 459 quousque
195 438 215 454 ad
227 438 367 458 congregationem
382 438 425 454 illam
439 443 473 459 per-

502 194 541 208 tunc
556 193 600 208 surdi
615 193 682 208 audiunt
695 197 698 208 :
712 194 768 213 estque
781 192 797 208 id
811 192 875 213 signum

502 217 556 237 gratias
568 217 602 236 Dei,
614 217 653 238 quio
665 219 683 233 nt
694 217 717 233 ait
727 217 803 236 Salvator,
816 217 843 237 qui
856 221 875 233 ex

502 242 535 257 Deo
545 244 574 260 est,
583 242 650 258 verbum
659 242 686 258 Dei
693 242 743 258 audit.
751 251 771 253 —
778 242 830 260 Ouum
837 245 875 257 vero

502 271 511 282 a
518 266 551 282 Deo
558 267 615 285 aversi,
620 268 637 282 et
644 267 701 282 vitiosa
708 266 823 282 consuetudine
831 271 875 287 pres-

885 220 949 233 :mam-1.

883 237 900 247 u.

502 291 521 309 si.
534 291 551 306 in
563 293 625 307 tanturn
635 293 653 307 ut
664 291 753 312 glorientur
765 296 815 312 quum
828 290 876 306 male-
883 290 948 308 'muns

502 315 570 331 iecerint
583 317 599 331 et
611 316 691 331 exsultent
705 316 722 331 in
736 316 784 331 rebus
795 315 875 337 pessimis,

502 342 617 356 convertuntur
632 340 650 356 ad
666 340 758 359 Dominum,
770 342 786 356 et
800 342 876 356 consueta

502 364 542 380 vitia
552 365 604 380 vitant
614 369 633 380 ac
645 365 707 383 odiunt,
720 369 752 381 non
767 365 877 385 principaliter

502 389 540 410 quia
547 389 567 404 ad
574 389 692 405 damnationem
700 389 786 407 deducunt,
793 389 821 405 sed
829 389 876 405 maxi-

502 418 528 429 me
534 414 610 434 quoniam
617 414 727 430 inbonorativa
733 416 749 430 et
755 414 833 430 ostensiva
839 416 877 430 sunt

502 438 536 456 oei,
544 440 561 454 et
567 440 635 459 vpropter
643 438 693 459 ipsam
701 438 818 459 turpitudinem
828 440 876 459 atque

98 463 149 482 venit,
157 465 205 484 prout
212 463 228 479 in
240 463 310 478 secundo
318 462 359 478 libro
366 463 473 483 Vitsspatrom
482 462 494 477 B
502 462 579 478 malitiam
587 463 712 482 vitiorum;tunc
718 463 775 479 mortui
783 465 875 483 resurgunt:

98 488 114 504 S.
123 488 229 509 Hieronymus
239 487 300 503 scribit*

119 513 198 533 Amplius,
205 513 243 528 dum
251 512 324 528 homines
332 512 423 528 carnalibus
430 512 474 528 vitiis

98 537 154 555 dediti,
162 538 178 552 et
188 536 278 552 libidinosis
287 536 374 552 aflectibus
383 538 473 555 aestu-ntes,

97 562 158 577 virtute
168 563 185 577 et
195 561 245 582 gratia
255 561 324 581 Spiritus
335 561 389 576 Sancti
398 561 419 577 ab
429 559 474 577 omni

98 586 210 606 hujuscemodi
227 585 319 606 impuritate
334 586 437 604 mundantur,
452 586 474 601 ita

97 610 141 631 quod
152 610 190 626 talis
201 610 221 626 ds
233 612 286 626 cetero
298 610 416 628 abominantur,
425 612 473 630 atque

98 635 118 651 de
130 635 202 656 pristinis
213 634 338 650 obscenitatibus
351 634 407 650 intime
418 634 473 650 erube-

98 662 151 678 scunt,
159 664 177 675 ac
185 661 243 675 sanem
253 659 343 675 dilectionis
352 659 436 675 ardoribus
446 659 473 675 ssa-

97 686 149 705 grant,
157 684 190 699 Deo
199 684 236 699 totis
246 683 337 704 primordiis
349 683 448 704 complacere
457 685 474 699 et

98 708 146 729 plene
154 708 196 724 uniri
204 710 282 729 optantes,
290 708 390 728 aliorumque
400 708 472 724 omniurn

97 733 199 754 spiritualem
209 732 299 753 proiectum
307 737 325 748 ac
334 732 401 748 salutem
412 732 473 748 fervide

501 489 518 503 et
525 487 552 508 qui
561 487 591 503 boc
599 487 647 503 sentit
655 487 672 503 in
679 492 702 505 se,
711 487 814 508 probabiliter
825 489 876 508 potest

501 516 587 532 agnoscere
595 512 611 527 in
619 512 684 527 caritate
691 514 707 527 et
714 512 764 532 grstia
772 512 799 527 Dei
808 517 826 528 se
835 516 875 527 esse.

521 536 607 554 Postremo.
618 536 656 552 dum
669 536 713 552 omni
726 536 804 557 spirituali
817 536 876 552 virtute

501 563 517 577 et
524 561 575 581 gratia
584 561 661 579 destituti,
669 561 745 581 vitiisque
756 561 818 582 repleti,
826 566 835 576 a
842 561 876 582 Spi-

501 585 533 601 ritu
549 585 606 601 Sancto
621 586 746 606 prmveniuntur,
759 588 846 606 tanguntur
860 588 877 601 et

502 610 612 628 immutantur,
625 610 680 630 sicque
695 610 783 630 proficiunt
796 611 814 625 ut
826 610 876 626 chari*

501 634 579 650 smatibus
591 634 677 655 gratiarum
692 635 764 655 quotidie
776 634 812 655 plus
827 634 876 650 abun-

500 659 544 677 dent,
551 659 567 674 in
575 661 636 674 tanturn
645 661 662 674 ut
670 659 689 675 de
697 664 726 674 sua
733 659 833 680 plenitudine
840 659 876 675 aliis

501 688 565 704 quoque
577 684 697 699 communicent
709 686 725 699 et
737 686 835 702 succurmnt,
847 684 876 699 im-

501 708 595 728 plentesque
603 708 642 723 illud
653 708 741 724 beatissimi
751 708 791 724 Petri
801 708 874 729 apostoli,

501 733 612 753 Unusquisque
619 733 661 748 sicut
668 733 729 753 occepit
734 733 803 753 gratiam⁷
808 733 824 749 in
831 733 876 749 alter-

97 758 187 778 cupientes,
195 759 212 773 et
220 761 248 773 eos
258 761 288 777 pro
298 761 344 777 posse
353 757 373 772 ad
383 757 432 772 Deum
444 759 473 772 tra>
482 758 493 774 G
501 759 554 773 utrum
561 757 604 773 illam
612 757 789 777 administrantes;tunc
797 762 875 778 pauperes

97 782 154 798 tientes
165 782 230 800 orando,
241 781 318 797 hortando
328 781 472 802 exemplariterque

97 807 178 826 vivendo;
187 808 226 822 tunc
235 806 293 827 leprosi
302 806 400 822 mundantur
408 811 412 822 :
420 808 437 822 et
445 807 472 827 qui

98 832 115 847 in
122 836 140 847 se
147 831 185 847 tolia
193 831 280 852 experitur,
286 830 390 851 probabiliter
397 831 438 846 scire
446 836 473 851 po-

97 858 129 872 test
136 856 179 876 quod
186 856 228 871 dona
234 855 288 876 gratim
295 857 358 876 gratum
367 855 440 871 facientis
448 860 473 871 ac-

97 881 247 901 eeperitffleumque
253 880 333 896 meritorie
339 880 398 900 diligat.
402 880 434 896 Hoc
441 880 472 896 sibi

97 905 176 921 accidisse
186 904 288 920 beatissimus
295 904 394 925 Augustinus
404 905 420 920 in
431 905 472 921 libro

97 929 220 946 Confessionum
229 929 332 948 testatur.0ui
340 934 390 949 quum
398 929 472 950 pluribus

96 954 143 970 anuis
151 954 285 975 concupiscentiis
292 954 411 972 deservisset,et
418 954 437 970 de
445 959 472 970 sua

96 979 130 995 vita
145 979 208 999 impuro
222 983 286 999 gravem
300 978 365 994 haberet
378 983 471 997 remorsum.

96 1008 146 1024 seque
156 1003 241 1019 emendare
251 1005 352 1024 proponeret,
360 1005 376 1018 et
386 1005 439 1019 tamen
450 1004 472 1019 in-

96 1028 151 1049 cipere
159 1030 245 1046 vereretur,
254 1028 291 1048 quia
299 1027 365 1048 putabat
374 1032 391 1043 se
399 1033 408 1043 a
418 1033 472 1044 carna-

500 782 634 803 evangelirantur,
643 782 659 798 id
667 784 696 800 cst,
705 782 760 798 felices
770 782 851 801 dicuntur,
859 784 875 798 et

500 806 605 827 probabiliter
614 808 673 822 norunt
682 811 699 822 se
709 811 744 822 esse
754 806 770 822 in
781 808 822 822 statu
833 806 874 822 salu-

500 831 525 847 tis*
536 831 578 847 Talis
589 831 620 846 tuit
631 831 709 847 altissima
721 831 748 846 illa
759 831 816 847 Christi
827 831 874 847 disci-

500 855 538 876 pulo
549 855 597 871 Maria
607 855 697 876 Megdalene
706 860 710 871 1
718 860 754 876 quie
761 860 811 876 quum
822 855 874 876 primo

500 880 547 901 plena
555 880 611 895 fuisset
621 882 682 900 septem
690 880 779 898 demoniis,
785 880 801 896 id
809 882 833 896 est
840 880 875 896 uni-

499 904 550 920 vorsis
558 904 627 925 peccatis
635 904 757 922 mortalibus,ad
766 906 825 920 tantam
833 906 874 925 post<

500 933 518 944 es
524 929 561 945 vitm
568 929 668 944 sanctitatem
677 929 820 949 excellentiamque
827 929 875 945 virtu-

499 955 533 969 tum
540 955 557 969 et
563 953 699 974 contemplationis
707 958 735 974 per
742 954 808 974 gratiam
816 953 874 969 Christi

499 978 576 998 perducta
586 979 615 996 est,
623 978 666 998 quod
677 978 742 998 triginta
752 978 798 994 suuis
810 978 827 994 in
838 978 873 994 bor-

499 1002 542 1018 ribili
552 1004 600 1023 atque
608 1002 697 1018 vastissimo
706 1007 760 1018 eremo
768 1007 873 1021 commorans,

499 1027 570 1047 quotidie
581 1027 639 1047 septies
652 1027 672 1042 ab
682 1027 743 1047 angelis
755 1027 846 1043 elevabatur
857 1027 873 1043 in

97 1053 140 1069 libus
155 1053 199 1069 vitiis
214 1057 260 1073 posse
272 1052 369 1068 difficillime
381 1052 471 1072 abstinere;
480 1052 540 1070 Daers,
554 1054 569 1067 et
581 1051 691 1072 corporalibus
705 1051 771 1067 auribus
784 1052 873 1068 coelestium

96 1078 161 1094 tandem
173 1082 202 1099 per
214 1077 294 1093 infinitam
307 1077 432 1093 misericordium
444 1077 471 1093 Dei

99 1105 132 1119 um
142 1104 208 1123 repente
220 1104 237 1118 et
248 1102 300 1118 valide
313 1102 412 1117 illuminatus
424 1104 471 1122 atque

96 1132 174 1144 accensus
185 1129 209 1143 est
219 1132 229 1143 a
238 1126 298 1148 Spiritu
307 1127 369 1144 Sancto,
379 1131 397 1142 ac
407 1127 471 1147 spiritu-

96 1152 119 1168 ali
126 1152 233 1168 consolatione
242 1151 322 1172 impletus,
329 1151 372 1172 quod
380 1156 411 1167 non
419 1151 471 1167 solum

96 1177 193 1193 facillimum
202 1177 229 1192 sed
237 1178 252 1192 et
259 1176 395 1196 jucundissimum
403 1176 433 1191 sibi
441 1176 471 1191 suit

96 1202 170 1223 pristinis
177 1201 274 1217 vanitatibus
282 1200 422 1221 voluptatibusque
430 1205 472 1216 care-

97 1231 120 1245 re,
130 1226 152 1242 ita
160 1226 203 1247 quod
214 1228 230 1242 et
238 1226 306 1246 ipsemet
313 1225 349 1241 inde
357 1225 470 1241 admirabatur⁴

118 1251 199 1269 Praeterea,
212 1251 251 1266 dum
263 1250 336 1266 homines
349 1250 471 1270 loquacitatibus

96 1276 163 1294 assueti,
180 1277 196 1291 et
210 1275 230 1291 ad
246 1275 343 1291 audiendum
360 1274 426 1290 verbum
443 1274 471 1290 Dei

97 1305 154 1321 graves
167 1305 185 1316 ae
199 1300 240 1318 duri,
253 1300 321 1320 desuper
334 1299 443 1317 emolliuntur,
456 1301 472 1314 et

97 1325 166 1342 verbum
178 1325 206 1340 Dei
219 1324 288 1340 libenter
299 1324 354 1340 audire
367 1324 452 1344 incipiunt,
463 1328 472 1339 a

499 1076 559 1092 civium
571 1076 655 1092 melodiam
666 1076 727 1092 audivit
738 1076 852 1092 dulcissimam.

519 1101 588 1120 Quilibet
596 1101 644 1121 igitur
652 1101 750 1117 Christianus
760 1102 831 1122 quotidie
838 1106 873 1117 exa-

499 1126 550 1142 minet
556 1126 663 1147 semetipsum.
667 1131 687 1141 an
695 1128 769 1146 prastacta
776 1126 830 1146 gratim
837 1131 874 1147 ope-

499 1151 539 1166 rain
548 1155 564 1166 se
573 1151 607 1171 ipso
615 1151 691 1166 exsistant
699 1155 702 1166 :
711 1153 727 1166 et
734 1151 746 1166 si
755 1151 784 1169 sic,
792 1153 831 1167 tune
841 1151 873 1167 Deo

499 1175 589 1191 humillime
599 1175 698 1195 regratietur.
706 1177 722 1191 et
730 1175 813 1191 timoratus
821 1180 839 1191 nc
847 1180 873 1191 cu>

498 1200 566 1216 stoditus
578 1204 642 1220 semper
654 1202 751 1220 permaneat,
764 1205 784 1216 ne
796 1205 837 1216 vana
848 1205 872 1216 se-

498 1224 565 1240 curione
572 1224 636 1240 fallatur
644 1225 751 1245 remissusque
759 1224 812 1244 tiamsi
820 1227 873 1240 autem

498 1249 528 1265 ista
540 1249 555 1265 in
567 1254 584 1264 se
595 1253 626 1265 non
639 1249 725 1269 experitur,
737 1254 768 1265 non
781 1251 832 1265 cesset
842 1249 873 1265 cla-

499 1278 542 1289 more
551 1273 570 1289 ad
580 1273 666 1289 Dominum
676 1278 759 1294 quousque
769 1274 842 1289 visitetur
852 1273 872 1289 sb

499 1299 538 1319 ipso.
547 1301 563 1314 et
570 1303 587 1314 se
595 1298 611 1314 in
620 1299 682 1314 cunctis
693 1299 772 1316 emendet,
780 1299 800 1314 ad
809 1299 871 1314 laudem

499 1325 515 1339 ct
521 1323 588 1344 gloriam
598 1323 673 1339 adorandi
683 1323 828 1344 omnipotentisque
839 1323 871 1339 Dei.

890 739 929 751 ιΡειν,
935 743 949 752 π.

884 756 899 766 io⁴
