1079 1569
134 221 177 248 ,noa
181 225 199 235 xv.

132 270 169 282 mie.
174 263 185 284 ἐ,
190 272 199 282 ι.

137 370 141 382 1
146 370 174 385 ιω,
177 374 199 384 m.

133 387 150 399 ss.
155 387 172 397 n.

206 122 226 138 60

347 126 421 138 »erumna
432 126 443 138 ΙΙ
454 126 538 138 munros.
548 130 569 133 ⁴-
579 126 600 138 Ab
610 125 709 141 utrumnam
720 125 770 137 Emi)
780 125 844 140 numus

207 173 238 189 que
249 173 305 184 sexum
316 168 396 185 distinctis
407 169 490 188 classibus,
501 174 518 185 se
529 173 548 184 ac
558 173 582 184 se-
590 169 603 185 A
611 170 645 184 tum
653 168 696 184 enim
705 168 722 184 in
730 170 816 189 conspeetu
824 167 925 186 Domini,nun
932 167 987 183 studio

207 197 242 209 rore
254 198 283 209 sua
295 195 381 214 praeunte,
393 194 473 210 canticum
486 193 583 214 triumphale

207 220 270 234 eantare
281 218 370 239 perducuit,
381 218 436 234 dicens
445 223 448 234 :
457 218 542 234 Cantemus
554 218 583 233 Do-

207 242 257 261 mino,
262 242 330 263 gloriose
338 243 381 259 enim
389 242 501 263 magnificatus
508 244 537 258 est.
542 242 584 258 Post»

207 267 273 283 modum
286 267 352 286 Debora,
364 267 423 283 nobilis
435 267 501 286 femina,
512 268 528 283 iu
542 267 583 283 libro

206 292 280 308 ¹iudicum
288 292 346 312 legitur
356 292 438 308 cecinisse.
447 292 482 308 Post
490 296 530 312 quos
540 292 583 307 inve-

207 317 242 333 nies
254 316 313 332 multos
325 321 356 332 non
369 316 421 332 solum
434 316 482 335 viros,
494 316 521 332 sed
534 316 582 332 etiam

207 341 275 357 feminas
285 341 345 362 Spiritu
355 341 413 357 Sancto
423 341 497 362 repletas,
505 341 533 357 Dei
542 341 582 357 ceci-

207 366 250 382 nisse
263 366 343 387 mysteria,
354 366 403 382 etiam
416 368 452 382 ante
464 366 523 386 David;
534 365 583 381 David

207 395 245 407 vero
254 395 263 406 a
274 390 343 411 pueritia
353 391 373 406 ad
383 390 413 407 hoc
423 390 483 407 donum
492 395 502 406 a
511 390 544 406 Deo
553 390 584 406 ele-

207 417 332 434 ctus‚cantorum
340 415 414 436 princeps
422 415 543 436 carminumque
551 415 584 431 the-

138 446 201 459 cum...-
208 445 265 456 saurus
276 440 311 455 l'uit.
324 440 372 456 Porro
383 440 399 455 in
410 439 497 460 Evangelio
509 441 583 460 parentes

132 463 191 475 ⁷⁹·“'³⁵·
209 464 262 485 magni
278 464 343 481 loannis
357 464 432 485 Baptistae
446 466 463 480 et
476 464 584 480 sacratissima
592 464 604 479 B
611 463 679 484 demque
685 463 729 479 vocis
737 463 859 479 modulationem
866 463 947 484 aqualiter
954 468 989 484 pro-

155 519 199 530 imm.

138 538 167 547 un.
177 536 190 546 ιο
196 539 199 548 ;

137 550 175 562 um,
178 554 195 561 m

136 566 153 577 10⁴

132 987 152 998 Ρι.
157 990 184 1000 nvi.
189 988 199 998 ι.

208 489 253 510 virgo
263 489 311 505 Maria
321 489 399 505 cecinisse
409 489 493 510 leguntur-3
503 489 536 504 imo
550 489 583 509 ipse

208 513 279 529 Salvator
289 516 325 534 post
335 514 399 530 Coenum
410 514 469 534 hymno
479 514 522 529 dicto
533 518 584 533 egres·

197 558 200 563 .
207 542 235 553 sus
245 540 273 554 est.
282 538 348 559 Propter
355 538 398 558 quod
406 538 460 553 nullus
469 537 551 558 ambigere
558 537 584 553 de-

208 561 236 578 bet
244 562 274 578 boc
282 562 373 583 vigiliarum
384 564 474 578 sanctarum
483 562 583 583 mysterium,

207 587 221 602 si
229 587 277 607 digna
286 587 319 603 fide
327 589 343 603 et
350 592 388 603 vera
395 587 479 603 devotione
487 586 582 605 celebretur,

207 611 267 632 angelis
275 612 324 627 Deum
333 611 442 627 indesinenter
450 611 551 627 laudantibus
561 615 584 627 es-

206 640 223 651 se
233 636 341 656 conjunctum.

225 660 263 679 Quas
270 665 320 681 quum
329 661 350 676 ita
357 661 395 679 sint,
403 660 465 679 tratres,
473 660 506 681 jam
514 660 582 681 pleniori

206 685 266 701 fiduci·
278 685 376 706 psalmorum
388 685 462 706 mysteria
473 685 543 701 fideliter
552 685 582 700 im-

205 709 285 730 pleamus,
298 714 371 730 magnam
386 710 468 725 credentes
483 714 511 725 nos
526 714 535 725 a
549 709 582 725 Deo

204 735 272 755 gratiam
280 736 379 753 consecutos,
388 734 447 755 quibus
455 739 549 750 concessum
557 736 581 750 est

611 192 722 213 complacendi
735 192 833 211 bominibus,
847 192 927 208 celebrare
939 192 987 208 debe-

611 222 651 233 mus.
660 217 740 233 Habemus
750 217 793 233 enim
803 217 823 233 de
832 217 862 233 bac
871 221 888 233 re
895 217 940 233 vocis
949 221 987 233 con-

610 242 681 258 sonantis
692 242 760 258 formam
772 242 839 263 positam
852 246 880 257 seu
893 241 987 262 exemplum

610 268 643 282 tres
651 266 686 282 illos
694 266 794 282 beatissimos
802 266 890 287 pueros,de
897 266 957 287 quibus
964 266 988 282 ait

610 291 688 312 Propheta
696 295 700 307 ε
709 291 753 307 Tunc
762 291 779 306 hi
789 293 821 306 tres
832 291 877 311 quasi
887 295 907 306 ex
917 295 950 307 uno
959 295 987 307 ore
995 294 1058 307 man-asa.

611 316 693 331 humiliter
704 316 781 337 hymnum
793 315 872 334 dicebant,
880 318 897 331 et
907 315 988 336 glorifica-

611 340 649 356 bant
661 340 711 356 Deum
724 340 740 356 in
752 340 821 356 tom-eo.
833 340 893 356 Videtis
908 340 947 361 quie
958 344 988 361 pro

611 365 702 385 magisterio
709 364 777 386 ponitur,
781 365 823 385 quod
831 367 863 380 tres
871 364 930 385 pariter
937 365 988 380 Deum

611 390 655 405 velut
664 394 684 405 ex
692 394 724 405 uno
734 394 761 405 ore
770 389 853 405 humiliter
860 391 947 410 sancteque
955 389 988 405 lau<

611 414 689 430 daverunt
697 418 701 429 :
709 414 769 430 idcirco
780 416 796 430 et
806 418 835 430 nos
844 418 900 430 omnes
911 414 957 434 quasi
967 419 988 430 ex

611 443 643 454 uno
651 443 678 454 ore
688 439 763 454 eumdem
772 438 870 459 psalmorum
879 443 937 454 sonum
945 443 988 454 eam-

611 487 686 504 feremus.
696 488 725 506 Oui
732 490 786 503 autem
793 492 856 508 inquere
865 488 922 503 ceteris
930 492 947 504 se
954 492 987 504 non

612 514 668 533 potest,
677 512 735 528 melius
742 514 766 528 est
773 512 788 528 ei
796 514 854 531 tacere,
862 514 889 528 aut
896 512 939 528 lenta
946 512 988 533 psal-

612 537 644 553 lere
652 541 696 555 voce,
705 542 753 558 quam
764 537 833 553 clamose
842 539 942 558 perstrepere
951 542 955 552 τ
963 537 987 553 sie

611 562 654 577 enim
662 563 678 577 et
685 561 768 577 ministerii
776 561 848 582 implebit
855 561 953 580 oliicium,et
960 562 988 577 hu-

612 586 671 602 militer
678 586 753 607 psallenti
763 586 857 602 fraternitati
868 590 900 602 non
910 586 957 602 faciet
965 586 988 602 ol*-

611 611 716 627 l'endiculum.
730 611 746 627 Si
758 615 796 631 ergo
809 613 841 626 lam
854 615 920 627 concors
933 613 949 627 et
961 611 988 627 de-

611 640 649 651 cens
656 635 712 654 ‚luerit
727 635 814 651 modulatio
829 637 887 654 nostra,
900 640 929 651 nos
943 636 987 656 ipsos

610 660 696 676 delectabit
706 662 722 676 et
732 660 815 676 audientes
825 660 918 679 edificabit,
926 662 942 676 et
954 660 987 676 Deo

609 685 663 700 suavis
670 689 688 700 ac
696 686 740 705 grata
747 685 814 705 erit,qui
822 684 906 700 unanimes
914 684 986 701 habitare
995 689 1062 700 Pauus.

609 709 648 725 iacit
655 709 672 725 in
683 709 735 725 domo.
744 709 763 724 Et
772 709 811 725 durn
822 709 900 730 psallitur,
909 709 987 730 psallatur

608 734 629 749 ab
637 734 722 753 omnibus3
730 738 780 754 quum
788 734 835 749 lectio
845 733 908 754 legitur,
917 733 959 749 lacto
966 734 987 749 si-

204 764 242 775 eum
252 761 276 775 tot
283 763 301 774 ac
309 759 357 775 tantis
368 759 429 775 Sanctis
439 761 503 774 cantare
512 759 540 774 Dei
549 764 582 779 my·
590 758 601 774 C
609 758 659 774 lentio
670 758 753 779 aequaliter
764 758 837 774 audiatur
847 758 867 774 ab
879 758 960 777 omnibus,
969 760 987 774 ut

205 784 257 800 steria.
270 784 331 800 Idcirco
342 788 379 799 curn
390 783 441 799 tribus
453 783 512 804 pueris,
523 787 581 799 convo-

205 810 240 824 cata
254 808 299 824 omni
314 810 391 827 creatura,
404 808 473 824 Creatori
488 808 580 829 psallamus.

206 833 246 851 Quid
258 833 288 849 hac
300 833 368 848 utilitate
381 832 487 851 commodius,
500 832 539 853 quid
552 832 581 848 bac

205 857 310 874 delectatione
316 857 410 878 jucundius,
418 857 482 878 quando
489 859 506 873 et
515 857 582 878 psalmis

206 882 309 901 delectamur,
322 884 339 898 et
349 882 448 898 orationihus
463 882 554 902 irrigamur,
566 884 583 897 et

206 906 286 927 impositis
300 907 395 923 lectionibus
410 906 502 927 pascimur?
514 906 581 922 Tantum

207 931 268 947 intento
275 936 323 947 sensu
333 931 441 952 vigilanteque
451 933 505 947 mente
512 930 582 951 psalmos

207 958 295 974 cantemus,
303 956 439 977 quemadmodum
447 955 497 971 David
505 955 582 974 bortatur,

206 981 270 997 Pssllite
282 981 367 1002 sapienter,
377 980 393 996 id
405 982 429 996 est
441 980 554 1000 intelligenter,
562 985 582 996 ne

207 1005 286 1026 captivata
298 1010 344 1021 mens
359 1005 438 1021 extraneis
453 1004 582 1025 cogitationibus,

208 1030 278 1046 laborem
289 1029 347 1046 habeat
357 1029 480 1045 infructuosum.

610 782 672 803 legente
688 783 751 802 lectore,
764 782 818 798 nullus
830 782 904 799 clamosis
919 785 987 804 perstre-

610 809 637 828 pat
648 807 720 823 vocibus.
728 816 748 819 —
759 807 795 823 ΗΜ
805 807 909 828 Augustinus.

632 832 713 850 Praeterea,
728 834 746 847 ut
761 831 810 847 abbas
825 832 881 847 recitat
895 832 985 851 Cassianus,

610 856 673 877 quando
681 856 697 872 in
705 856 790 872 ecclesiam
798 856 859 872 Fratres
866 856 883 872 in
891 857 957 877 AEgypw
964 859 987 872 at-

610 886 641 901 que
653 880 733 897 Thebaide
747 880 856 899 confluebant,
869 883 931 897 tantum
947 886 986 902 prm-

611 905 678 921 bebatur
689 910 699 921 a
711 905 773 921 cunctis
785 905 874 924 silentium,
885 907 903 921 ut
914 907 957 921 tanta
969 906 986 921 in

611 935 661 946 unum
673 930 776 946 multitudine
786 932 885 951 congregata,
894 930 948 946 nullus
960 935 987 951 pe·

610 955 654 971 nitus
669 955 761 970 crederetur
772 955 827 970 adesse
840 957 897 975 preater
909 959 946 971 eum
958 955 986 976 qui

611 984 708 1000 consurgens
723 979 803 1000 psalmum
816 979 910 995 decantabat
924 979 941 995 in
955 984 987 995 me-

611 1004 641 1022 dio,
646 1006 662 1019 et
670 1004 750 1024 praecipue
758 1004 796 1019 dum
805 1004 947 1020 consummabatur
953 1009 986 1020 ora-

610 1028 633 1044 tio
641 1033 645 1044 :
654 1028 670 1044 in
681 1033 713 1049 qua
723 1033 755 1044 non
765 1030 831 1049 sputum
840 1028 948 1047 emittebatur,
956 1033 986 1045 nec

226 1055 298 1075 Denique
306 1059 355 1070 sonus
365 1059 393 1070 seu
404 1054 472 1070 melodia
481 1054 502 1070 sit
511 1054 569 1069 decens
578 1058 582 1069 z
590 1055 602 1070 D
610 1053 698 1069 exscreatio
706 1052 821 1073 perstrepebat,
829 1057 859 1069 nec
867 1053 916 1069 tussis
927 1058 956 1069 nec
963 1058 987 1069 os-

207 1084 239 1095 non
251 1084 286 1100 quae
298 1079 366 1099 tragicas
379 1078 483 1094 difficultates
498 1078 581 1097 exclamet,

206 1106 233 1120 aut
247 1103 305 1124 aliquid
319 1103 396 1119 theatrale
410 1103 479 1119 redoleat
488 1107 492 1123 ;
507 1103 534 1119 sed
549 1107 583 1123 quae

207 1128 339 1144 christianitatem
347 1128 363 1143 in
371 1127 417 1143 nobis
425 1132 443 1143 ac
451 1129 522 1143 sanctam
530 1127 583 1148 religi-

207 1157 254 1169 onem
264 1153 368 1170 demonstret,
378 1152 551 1173 compunctionemque
560 1152 583 1172 gi-

206 1179 247 1198 gnat.
252 1177 326 1194 Omnium
333 1182 397 1198 quoque
404 1181 435 1193 vox
442 1181 474 1193 non
481 1177 583 1195 dissona,sed

207 1206 277 1218 consona
284 1206 319 1217 esse
326 1201 383 1221 debet;
391 1206 421 1217 nec
429 1206 470 1217 unus
479 1201 527 1217 nimis
535 1201 583 1222 depo-

207 1229 235 1243 nat
242 1228 258 1242 et
265 1226 305 1242 alter
312 1226 382 1245 extollat,
390 1226 418 1242 sed
429 1226 489 1241 nitatur
497 1226 583 1246 unusquis-

208 1256 239 1272 que
252 1251 335 1267 humiliter
346 1255 402 1267 vocem
414 1255 458 1266 suam
471 1250 513 1266 intra
525 1255 592 1266 sonum*

208 1276 250 1292 chori
258 1276 353 1291 concinentis
361 1275 478 1294 includere,non
486 1275 583 1291 extrinsecus

209 1300 253 1321 quasi
261 1301 280 1316 ad
288 1300 353 1316 stultam
361 1300 483 1316 ostentationem
491 1300 584 1316 indecenter

209 1325 273 1344 efferre,
281 1327 308 1341 aut
321 1325 413 1341 bominibus
424 1325 465 1341 velle
478 1324 541 1346 placere
549 1329 553 1340 :
562 1326 584 1340 to-

611 1078 665 1093 citatio
680 1077 793 1096 intersouabat,
806 1082 836 1093 nec
850 1078 919 1098 gemitus
934 1083 987 1099 neque

610 1102 679 1123 suspiria
687 1102 726 1118 alios
736 1107 778 1123 saepe
788 1102 902 1123 impedientia;
910 1102 987 1123 nullaque

610 1131 640 1142 vox
647 1127 707 1147 absque
713 1127 799 1142 sacerdotis
806 1131 869 1147 precem
876 1126 987 1143 concludentis

610 1151 710 1170 audiebatur,
719 1151 751 1167 nisi
761 1151 801 1167 sorte
811 1151 844 1167 baec
854 1156 890 1172 qum
897 1156 926 1172 per
934 1157 987 1168 exces-

611 1181 647 1192 sum
655 1176 714 1192 mentis
722 1176 790 1191 claustra
798 1175 873 1196 effugerit
880 1176 919 1195 oris,
927 1179 944 1192 et
951 1181 987 1197 quae

611 1200 726 1217 insensibiliter
737 1200 841 1221 subrepserit,
853 1201 901 1216 corde
913 1201 987 1217 intolera-

611 1225 640 1241 hili
655 1225 721 1246 spiritus
737 1225 799 1241 fervore
816 1229 899 1244 succenso,
914 1225 953 1241 dum
967 1230 987 1241 ea

610 1255 646 1271 quae
657 1249 706 1270 ignita
716 1254 762 1265 mens
772 1249 788 1265 iu
798 1254 815 1265 se
826 1250 860 1270 ipsa
870 1254 901 1265 non
911 1250 987 1270 praevalet

611 1274 698 1293 continere,
707 1274 843 1295 perinersabilem
850 1274 928 1295 gemitum
936 1279 955 1290 ex
963 1274 987 1290 in-

611 1299 655 1314 timis
667 1299 736 1319 pectoris
747 1299 772 1314 sui
785 1298 888 1314 conclavibus
901 1303 988 1319 evaporare

611 1325 683 1339 conatur.
694 1323 735 1339 Eum
747 1327 785 1339 vero
797 1323 825 1344 qui
835 1323 851 1339 in
864 1323 923 1339 mentis
932 1325 988 1344 tepore
