1079 1569
199 122 273 134 mmmm
284 122 416 136 wmoeaosssum.
426 126 447 129 —
456 122 478 133 ΑΙ)
488 121 586 137 autemeam
597 121 646 133 stultu
657 122 724 134 octavus

820 117 850 133 ³67

74 169 139 180 omnem
151 165 254 181 tentationem
265 165 368 181 armahirnur.
380 165 396 180 Si
406 165 450 180 enim
457 164 470 180 A
477 164 549 180 tasticarn
560 165 710 185 apprehensionem,
718 166 745 180 aut
754 166 850 180 nocturnum

74 189 94 204 de
103 189 184 210 superbia,
193 189 206 205 si
217 190 236 205 de
247 189 359 207 inobedientia,
369 189 451 210 impatien-

75 213 101 230 tiav
115 214 137 229 ira
152 216 179 229 ant
193 214 275 235 voluptate
290 214 348 230 carnali
363 215 449 232 tentemur,

75 238 128 254 omnia
136 238 213 254 facillime
220 243 320 259 superamus,
329 238 342 254 si
351 238 409 254 Christi
417 243 451 259 pas>

74 263 136 279 sionem
152 264 199 279 modo
212 265 286 284 praetaete
301 263 397 279 intueamur.
410 263 450 281 Ouo-

75 288 122 303 modo
136 288 179 303 enim
195 288 283 309 superbire,
299 288 381 306 rebellare,
397 287 450 306 irasci,

74 312 154 328 vindicare
163 312 252 333 poterimus.
256 312 269 328 si
276 312 305 328 rite
312 317 396 333 pensemus
404 317 451 333 quam

75 336 172 355 humillime,
187 337 324 355 obedientissime,
340 337 450 352 mansuetissi-

76 365 106 379 me.
116 361 238 381 patientissime,
244 361 276 377 Rex
285 361 368 379 coelorum,
374 361 451 377 Dominus

76 385 193 404 universorum,
207 386 256 401 Filius
270 386 298 401 Dei
313 385 368 404 Patris,
382 385 423 401 Deus
435 387 452 401 et

76 410 129 428 homo,
143 410 218 426 dominus
229 412 245 426 et
257 410 331 428 salvator,
345 410 420 430 magister
433 415 451 426 ac

76 434 161 455 legislator,
172 437 217 455 pater
231 437 247 451 et
260 435 309 455 judex
324 437 383 453 noster,
394 435 411 450 in
423 439 451 450 sua

75 459 179 475 acerbissima
191 464 208 475 se
221 460 276 475 habuit
290 460 378 480 passionei
391 459 451 475 Idcirco

76 484 116 499 dixit
128 484 213 504 Gregorius
224 489 228 499 :
241 484 284 500 Nihil
296 486 328 500 tam
340 489 415 505 asperum
427 486 452 500 est

76 511 90 524 et
100 509 186 525 adversum
197 509 239 530 quod
250 514 282 525 non
292 509 403 530 aequanimiter
413 509 451 525 tole-

76 536 125 552 retur,
134 534 147 549 si
158 534 216 550 Christi
228 534 281 554 passio
291 534 311 549 ad
322 534 416 550 memoriam
429 538 452 549 re-

77 560 147 574 vocetur.
162 558 218 574 Nonne
232 559 246 574 si
261 559 307 574 miles
321 559 384 574 videret
398 563 451 579 regem

77 588 124 598 suum
135 583 151 598 in
161 583 237 599 omnibus
245 588 262 599 se
271 583 362 599 humillime
372 583 453 604 patientis-

77 607 150 628 simeque
157 608 222 625 habere.
231 608 272 628 regis
282 608 307 624 sui
315 608 389 628 exemplu
396 607 416 623 ad
425 608 453 623 hu-

77 632 161 648 militatem
170 637 189 648 ac
199 632 292 653 patientiam
303 633 405 648 moveretur?

96 657 127 672 Sed
136 659 187 677 potest
194 657 231 677 quis
238 657 291 673 dicere
296 657 386 676 :Quomodo
394 657 452 678 passio-

77 686 113 697 nem
121 681 179 697 Christi
188 684 243 702 potere
251 682 299 697 menti
308 686 347 698 meai
358 682 405 697 modo
415 686 453 702 prm-

77 708 119 721 tacto
130 706 229 726 imprimere,
240 706 333 724 inscribere,
341 711 409 727 eamque
420 708 452 722 tam

76 730 137 751 jugiter
151 732 167 746 et
180 730 268 746 aflectuose
283 735 301 747 ac
314 731 414 751 compassive
429 735 452 746 re-

78 755 130 770 colere
136 755 142 770 i

97 779 121 795 Ad
128 779 157 795 hoc
164 784 183 795 ex
189 779 243 795 verbis
249 779 335 796 Nesterotis
342 779 404 796 abbatis
411 782 453 801 patet

77 804 166 824 responsio.
177 804 229 822 Quum
241 804 285 820 enim
296 804 346 820 abbas
358 804 452 823 Germanus,

78 828 149 844 Cassiani
162 828 228 849 collega,
239 831 363 849 conquereretur
374 834 391 844 se
401 829 453 845 adhuc

78 853 95 869 in
103 857 157 869 eremo
165 853 263 874 poeticarum
271 853 453 874 lahularummugarum,

78 878 182 893 historiarum
195 879 211 893 et
222 878 311 894 carminum
324 878 408 898 inquietari
422 883 454 894 rne—

78 902 140 920 inoriis,
148 902 197 918 etiam
207 902 223 918 in
233 902 298 921 divinis,
306 902 346 918 dixit
356 903 370 918 ei
381 903 454 919 Nesteros

78 927 129 942 abhas
137 932 141 943 ι
150 927 171 942 De
183 927 213 942 hac
226 927 326 943 intestatione
339 928 399 948 poteris
411 932 454 943 nunc

77 951 138 969 curari,
148 951 162 967 si
174 951 247 967 eamdem
259 952 358 972 diligentiam
371 954 418 973 atque
431 952 454 968 in-

77 976 153 992 stantiam
161 981 204 992 nunc
211 976 287 992 adhibeas
295 976 337 992 eirca
343 976 433 998 Scripturas
439 979 455 993 et

77 1001 122 1017 eirea
129 1001 206 1016 virtutum
213 1001 339 1020 exercitationes,
347 1006 395 1022 quarn
403 1001 419 1017 in
428 1007 455 1018 sa>-

77 1025 116 1042 culo
121 1026 164 1041 circa
170 1026 197 1041 illa
203 1025 263 1046 poetica
269 1025 364 1041 addiscenda
370 1026 454 1047 praebebas.

100 1051 127 1066 Sic
137 1050 156 1066 ad
168 1050 268 1071 propesitum
279 1050 315 1066 dico
326 1055 329 1066 ι
340 1051 356 1066 Si
368 1053 410 1066 tant-a
422 1051 455 1067 avi-

77 1075 135 1093 ditate.
145 1075 228 1095 diligentia
239 1080 257 1091 ac
268 1075 357 1096 frequentia
369 1075 455 1091 fecerimus

78 1100 128 1116 nobis
137 1100 208 1120 quotidie
218 1104 265 1115 usum
276 1100 355 1115 recolendi
366 1105 384 1115 ac
394 1100 455 1121 perspi—

78 1124 133 1140 ciendi
145 1124 243 1140 dominicam
256 1124 352 1145 passionem,
362 1129 394 1145 qua
405 1124 456 1140 avidi-

76 1151 119 1168 tate,
126 1149 209 1170 diligentia
217 1151 265 1169 etque
272 1149 362 1169 frequentia
370 1149 455 1169 aliqnando

77 1174 123 1190 eirea
133 1178 174 1189 vana
185 1175 201 1189 et
211 1173 293 1189 siecularia
304 1173 364 1189 luimus
375 1174 454 1194 occupati,

76 1199 113 1214 cito
125 1198 256 1219 profundissime,
268 1197 362 1214 firmissime
374 1198 455 1219 imprime-

76 1226 107 1239 tur
116 1223 207 1243 jugiterque
217 1225 290 1239 occurret
300 1222 381 1238 mentibus
391 1223 454 1242 nostris,

76 1250 95 1263 et
106 1248 162 1263 intima
173 1247 284 1268 compassione
294 1252 329 1263 eam
340 1252 455 1263 commemora-

77 1272 139 1288 bimus.
153 1272 238 1292 Ouumque
251 1276 369 1292 quamcumque
382 1272 455 1288 nocivam

78 1297 199 1317 cogitationem,
205 1296 310 1312 inordinatam
317 1296 426 1315 affectionem,
431 1301 456 1312 va-

78 1327 121 1338 nam
128 1324 143 1338 et
150 1322 224 1338 frivolam
232 1321 359 1342 occupationem,
365 1321 399 1337 aive
407 1321 456 1342 phan-

477 189 556 207 timorem,
563 189 588 204 vel
597 189 675 209 puerilem
683 189 792 207 formidinem,
800 188 851 204 cordi-

478 213 507 229 bus
522 213 580 229 nostris
592 213 630 229 oriri
642 213 668 229 vel
683 214 735 229 inesse
747 213 850 231 senserimus,

477 238 531 253 statim
547 238 631 254 dominicae
647 238 726 259 passionis
743 238 851 255 recordatione

477 263 532 278 omnia
544 263 571 278 illa
584 263 667 279 celerrime
679 265 727 283 atque
740 263 816 278 facillime
828 267 851 278 re-

478 287 562 308 pellemus>
578 287 638 303 ldcirco
653 292 690 303 cum
705 287 719 303 S⁴
733 287 817 306 bernardo,
832 292 852 303 ex

477 311 553 327 omuibus
562 316 598 332 qum
606 312 633 327 Dei
641 312 690 327 Filius
701 316 730 332 pro
738 314 792 328 nostra
801 311 852 327 salute

478 336 570 357 assumpsit,
581 336 619 352 tecit
630 341 648 352 ac
658 336 737 355 toleravit,
748 336 793 357 quasi
806 336 852 352 fasci-

478 361 533 376 culum
548 361 595 377 nobis
607 360 703 379 efficiamus,
717 363 733 377 et
745 361 786 377 intra
800 361 852 377 cordis

478 390 536 401 arcana
551 385 627 404 locemus,
640 390 659 401 ac
669 386 729 406 jugiter
744 386 852 404 recordemur,

477 409 523 430 juxta
534 409 573 425 illud
585 410 600 425 in
612 410 679 426 Threnis
689 415 693 426 ς
704 410 779 426 Memoria
791 414 853 426 memor
865 416 925 429 rhu-auu,

479 438 511 452 ero,
522 436 538 450 et
549 434 620 450 tabescet
632 434 648 450 in
661 439 687 450 me
698 435 752 450 anima
764 439 804 450 rnea.
816 435 852 450 llaec
859 433 898 445 ''³³'‘

460 458 551 476 Brecolens
564 458 580 474 in
592 459 639 475 corde
652 464 693 477 meo,
707 459 723 475 in
735 459 767 475 Deo
779 459 851 480 sperabo.

479 483 513 499 Non
524 488 560 499 reor
571 488 623 504 neque
633 484 707 504 experior
717 484 770 505 aptius
782 484 853 500 medium

479 507 574 529 proficiendi
585 508 602 524 in
612 508 656 524 omni
666 509 717 529 gratia
727 510 743 525 et
752 509 816 528 virtute,
827 513 854 524 su*

480 533 545 553 perandi
556 537 620 549 omnem
630 533 681 549 aciem
689 533 765 549 vitiorum
773 538 791 549 ac
800 534 854 549 omnia

480 557 577 573 tentamenta
589 557 710 576 dmmoniorurn,
723 563 771 579 quam
783 560 808 574 est
820 558 855 579 ipsa

479 582 564 598 dominicae
579 582 658 603 passionis
673 582 749 603 frequens
764 587 783 598 ac
798 583 855 599 devota

480 606 561 622 memoria.

500 631 581 649 Praeterea,
591 636 619 652 per
630 636 689 647 caecum
702 632 730 652 qui
743 632 759 648 in
772 632 854 653 evangelio

480 655 557 672 hodierno
567 656 625 676 legitur
633 661 642 672 a
650 656 712 672 Christo
722 659 792 675 curatus,
801 657 854 678 mysti—

480 685 498 696 ce
512 680 605 701 designatur
617 681 642 696 vel
657 685 707 701 genus
722 681 816 700 humanum,
828 682 854 697 vel

480 705 579 725 quicumque
587 705 635 721 homo
645 705 715 721 tenebris
726 706 823 726 ignorantiae,
831 711 855 722 er-

480 729 544 745 roribus
556 732 583 745 aut
595 730 665 750 peccatis
680 730 774 746 mortalibus
787 735 855 747 excaeca-

462 754 473 770 C
481 756 512 772 tus,
525 754 553 770 sed
565 756 581 770 et
593 754 677 775 religiosus
689 755 757 776 propria
769 755 855 771 iracundias

481 779 531 797 turno,
538 779 606 800 proprias
615 779 718 800 impatientias
726 779 781 796 morbo
789 782 816 796 out
823 780 856 796 ani-

481 803 560 819 rnositatis
568 808 596 819 seu
604 804 691 824 cujuslibet
698 804 777 824 passienis
786 809 855 821 commo-

481 828 524 844 tione
533 828 647 844 obtenebratus
655 833 658 844 :
667 828 694 849 qui
706 829 779 849 passione
790 834 819 845 sua
828 829 856 845 du-

482 855 531 871 rante,
536 853 675 873 erronee-judicat,
681 858 711 868 nec
719 853 784 869 sibimet
791 854 855 870 credere

481 877 534 896 dehet,
542 882 592 898 quum
601 878 687 893 iracundus
695 877 744 893 stulto
751 878 854 897 assimiletur,

481 904 497 917 et
505 902 590 922 impatiens
598 902 681 918 stultitiam
689 904 769 923 operetur,
774 903 855 919 animosus

482 931 520 942 vero
530 926 585 942 omnia
596 926 627 942 sibi
639 929 683 947 putet
694 927 753 946 lucere,
761 927 817 948 sicque
828 932 879 944 ste-1⁷.
904 921 928 940 ’ω’

483 956 502 972 pe
514 956 547 967 suae
558 951 651 971 arrogantiae
664 951 722 967 nebula
734 951 828 970 offuscetur,
839 954 856 968 ut

482 980 512 991 nec
523 976 573 991 Deum
584 976 644 994 timeat,
653 980 682 991 nec
693 976 774 992 hominem
785 981 856 992 reverea>

482 1002 513 1016 turi
524 1000 552 1016 Hic
563 1004 601 1020 eigo
611 1000 669 1016 clamet
679 1000 698 1016 ad
709 1000 796 1019 Christum,
806 1003 824 1017 ut
834 1001 856 1017 vi<

482 1025 518 1041 deat
528 1027 544 1040 et
554 1030 601 1040 suum
613 1027 715 1045 recognoscat
725 1030 800 1041 errorem.
811 1026 857 1042 Dein-

463 1052 520 1070 Dceps
535 1050 588 1065 omnis
604 1049 693 1070 religiosus,
708 1052 856 1071 quantumcumque

482 1074 544 1093 doctus,
557 1076 615 1090 unctus
629 1076 677 1094 atque
689 1074 783 1093 illustratus,
796 1079 856 1091 cineum

482 1103 499 1114 se
510 1100 562 1119 potest
570 1103 589 1114 ac
599 1098 646 1114 debet
655 1098 735 1119 reputare,
743 1099 781 1119 quia
792 1104 823 1115 non
833 1104 857 1116 so-

867 886 905 897 Beck.
910 889 928 899 vn.

863 902 879 912 m,

483 1123 516 1139 lum
531 1123 565 1141 Dei,
578 1123 605 1139 sed
618 1125 634 1139 et
646 1124 739 1143 angelorum
753 1128 772 1139 ac
784 1124 857 1140 omnium

482 1148 542 1164 civium
550 1152 659 1168 supernorum.
664 1150 742 1169 respectu,
747 1150 822 1169 tanquam
830 1154 857 1165 ne·

482 1172 535 1188 sciens
548 1172 657 1193 insipiensque
668 1173 747 1191 censistit,
757 1173 825 1189 Ieremia
836 1174 857 1190 lo-

483 1199 541 1218 quente
554 1202 558 1213 z
571 1197 631 1213 Stultus
643 1197 695 1213 iactus
707 1199 732 1213 est
743 1198 795 1213 omnis
809 1198 857 1214 homo
870 1203 930 1216 lanu.

482 1227 491 1237 a
501 1221 568 1237 scientia
580 1226 617 1242 sua3
627 1223 643 1237 et
653 1222 740 1241 Psalmista,
751 1223 792 1238 Deus
805 1227 856 1242 meus,
864 1228 930 1241 Panum.

482 1246 557 1262 illumina
565 1246 638 1262 tenebras
649 1251 697 1262 meas.
706 1246 766 1263 Idcirco
775 1252 804 1268 pro
813 1248 857 1263 beni>

482 1271 559 1292 gnissima
569 1271 657 1287 directione
667 1275 685 1286 ac
696 1271 813 1288 illuminatione
822 1273 857 1293 Spi—

483 1296 523 1312 ritus
535 1295 594 1314 Sancti,
607 1300 663 1312 omnes
674 1295 734 1316 jugiter
746 1296 856 1317 deprecemur,
868 1311 884 1322 Ρ,

483 1321 554 1337 dicentes
563 1325 566 1336 z
575 1320 629 1336 Deduc
639 1325 670 1339 me,
678 1320 750 1340 Domine,
759 1321 776 1337 in
785 1321 812 1337 via
821 1324 856 1342 tua;
864 1314 930 1338 nsum,
