1079 1569
17 869 77 878 .........

16 1137 43 1148 rm⁴
46 1140 62 1149 w,
66 1138 77 1158 Ξ,

21 1285 59 1296 mer.
66 1288 78 1297 u.

241 132 314 144 mumma
325 133 342 144 111
352 132 389 144 Pon·
399 132 463 144 vascua.
473 136 494 139 —
504 132 591 144 mantano
602 132 618 144 11(
628 131 711 143 myron!

833 125 863 142 1597

87 179 162 195 praeesse,
170 175 196 191 vel
205 175 225 191 ad
235 175 323 196 graviorem
334 179 390 191 eorum
398 175 462 190 ‹lamna-
470 174 483 190 Α
491 179 554 195 quoque
566 174 625 190 fatetur
636 179 640 190 z
652 174 706 190 Omnis
719 174 746 195 qui
759 173 797 189 facit
809 177 863 194 pecca-
873 177 937 191 lunum,

88 199 154 218 tionem,
167 200 193 215 vel
208 202 273 220 propter
284 199 340 220 populi
352 199 462 220 transgressio-

89 228 125 239 nem
133 228 152 239 u:
160 224 230 240 debitam
239 224 339 245 punitionem
347 226 374 239 aut
381 224 462 240 salubrem

57 255 81 265 n.
88 248 204 264 correctionem
215 249 267 269 (juxta
279 249 318 264 illud
330 248 359 264 lob
371 253 375 264 ι
386 248 427 264 Deus
439 253 462 264 re-

88 277 137 293 gnare
151 273 190 289 tacit
204 273 303 294 hypocritam
319 275 383 294 propter
397 275 462 293 peccat-a

56 304 66 311 ιι
76 309 80 314 ,
88 297 153 318 populi3
164 298 192 318 qui
202 300 219 313 et
228 298 244 313 in
254 298 294 314 Osee
302 300 398 318 protestatur
406 302 409 313 :
418 297 462 313 Dabo

88 321 117 337 tibi
132 327 185 343 regem
201 322 217 338 in
230 322 284 338 sumre
296 322 344 342 meo),
356 323 382 338 vel
397 324 461 343 propter

86 346 166 367 justorum
177 347 307 363 exercitationem
318 349 334 363 et
344 351 418 363 coronam
429 347 461 367 glo-

87 371 170 387 riosiorem
184 376 187 387 :
200 372 224 387 sic
236 372 279 387 cnim
294 371 390 393 martyribus
402 371 461 387 sanctis

87 396 148 416 profuit
156 397 257 417 pmsidentia
264 398 372 417 tyrannorum⁴
378 397 461 417 Propterea

87 421 144 436 asserit
151 421 255 441 Augustinus,
263 421 305 442 quod
313 421 365 437 omnis
374 421 425 437 malus
434 423 461 436 aut

87 444 124 460 ideo
131 445 176 463 vivit,
185 447 203 461 ut
212 450 241 466 per
250 450 287 461 eum
298 445 358 466 impius
367 445 460 466 corrigatur,

490 201 530 218 turn,
538 204 594 215 servus
603 201 627 215 est
637 199 703 220 peccati.
712 199 734 214 Ee
743 203 774 214 non
783 198 831 218 quast*
837 203 862 213 ce-

490 225 543 239 lamen
549 224 624 239 habentes
629 224 698 239 malitiae
702 222 825 238 libertatem:id
832 224 862 241 est,

489 248 579 264 libertatem
590 248 630 264 lianc
638 248 684 264 vobis
693 253 703 264 a
711 247 773 264 Christo
782 247 861 266 collatam,

489 273 517 293 qui
527 277 555 288 vos
564 278 573 289 a
583 272 660 288 servitute
672 272 732 293 peceati
743 277 762 288 ee
771 272 861 288 daenwnum

489 297 567 313 liberavit.
581 297 624 313 Unde
637 297 653 313 in
665 297 724 313 tonnae
736 297 758 312 ait
768 301 772 312 z
783 297 799 312 Si
812 296 861 312 Filius

488 327 517 338 vus
524 322 622 341 liberaverit,
628 326 664 338 vere
672 321 718 337 liberi
726 321 775 337 eritis.
782 321 824 337 Hanc
831 321 862 342 (in-

488 347 544 367 quam)
556 346 656 367 spiritualem
671 346 760 362 libertatem
772 350 804 362 non
818 351 862 361 assu-

489 371 536 387 matis
551 375 580 392 pro
592 371 672 387 velamine
684 373 700 386 et
711 370 803 391 palliatione
815 370 862 386 mali-

489 396 609 414 tiai,asserendo
616 396 659 417 quod
667 396 702 411 ideo
709 400 741 411 non
749 395 820 411 debeatis
827 400 862 411 esse

488 420 557 441 subjecti
568 420 669 441 principibus
677 422 728 438 terrm,
736 420 774 440 quia
784 424 812 441 per
820 420 863 436 Chri-

488 445 509 460 sti
520 445 610 465 passionem
621 445 719 465 gratiamque
728 444 805 465 Baptismi
816 444 862 460 liberi

86 471 114 485 aut
127 469 163 485 ideo
177 472 195 485 ut
206 474 236 490 per
247 474 284 485 eum
299 470 350 486 bonus
362 472 459 486 exerceatur.
470 470 481 485 B
488 470 526 485 estis
534 469 588 485 eflecti
597 474 601 485 :
609 470 688 490 siquidem
697 469 725 485 illa
733 469 797 485 libertas
805 469 825 484 ab
832 469 862 485 heo

87 494 127 509 Hinc
138 494 212 510 subditur
220 499 223 510 :

108 519 150 536 Quia
157 519 180 534 sie
187 521 210 534 est
218 520 294 534 noluntas
301 520 337 537 Dei,
345 519 360 535 id
371 521 395 535 eet
403 524 460 540 praece

87 545 133 564 ptum
141 543 197 564 ipsius,
203 548 231 559 seu
239 543 316 564 placitum
324 544 365 564 ejus,
372 544 460 559 secundum

85 568 129 588 quod
139 567 198 588 duplex
207 568 272 588 ponitur
282 568 309 584 Dei
319 568 397 586 voluntas,
406 570 460 589 utpote

85 592 127 613 signi
139 594 156 608 et
168 592 270 613 beneplaciti,
281 595 299 607 ut
311 593 434 612 benefacientes,
445 593 460 608 id

85 618 116 635 est,
123 616 189 637 pretato
196 616 243 632 modo
251 616 343 632 obedientes
350 616 460 637 superioribus

85 640 166 659 omnibus,
174 641 282 656 obmutescere
289 641 356 660 faciatis
366 641 460 660 impruden-

85 666 128 680 tium
139 666 222 680 hominum
234 666 352 685 iyrwrantiam,
363 665 379 681 id
391 668 420 684 est,
431 666 460 681 im-

84 690 153 710 peritam
162 689 280 705 oblocutionem
290 692 338 710 atque
348 690 460 710 loquacitatem

85 719 105 730 ex
120 714 200 735 imperitia
214 714 305 730 venientem
320 719 324 730 z
340 715 377 735 quia
391 715 422 730 nisi
437 715 460 730 sie

84 739 177 757 obediretis,
190 739 292 755 detraherent
304 739 335 759 legi
347 741 362 755 et
375 739 460 760 Evangelio

488 494 565 510 servitute
575 496 591 509 et
602 494 701 514 subiectione
713 498 745 509 non
757 493 810 514 eripit.
821 493 861 509 nine

489 518 560 539 loquitur
566 518 624 534 Paulus
632 523 636 534 z
644 518 675 534 Vos
685 518 701 534 in
711 518 801 534 libertatem
809 518 860 534 vocati

488 543 532 562 85115,
544 543 601 559 fratres
613 547 617 559 2
630 545 698 562 tanturn,
710 548 730 559 ne
742 542 832 559 libertatern
844 543 860 558 in

488 568 588 583 occasionem
599 568 650 583 cernis
661 567 706 583 detis.

508 592 586 613 Deinceps
594 597 623 608 sue
630 592 703 608 libertate
711 592 752 608 male
760 592 862 613 utuntur,qui

488 619 548 637 quanto
556 617 610 633 rninus
620 617 729 637 subjiciuntur
738 617 835 636 hominibus,
844 621 863 633 eo

488 641 596 657 intimoratius
607 643 623 657 et
633 641 743 657 irrefrenatius
754 644 821 662 peccant
831 646 835 658 z
845 644 863 657 ut

488 668 525 681 sunt
536 666 589 682 vitiosi
602 666 668 687 prolati,
679 666 761 686 principes
774 666 811 681 mali
821 666 863 686 judi-

488 695 546 711 cesque
555 691 611 711 iniqui*
619 691 662 706 Idem
672 690 733 706 faciunt
740 690 825 706 Christiani
834 691 862 711 qui

489 715 524 731 ideo
534 719 587 731 coram
597 715 629 730 Deo
640 717 677 730 sunt
688 715 785 733 incustoditi,
793 715 832 735 quia
842 715 862 731 ab

488 739 594 755 observantiis
602 739 640 760 legis
648 739 719 755 Mosaicae
726 741 764 755 sunt
771 740 863 760 5151111,ᾳυί-

85 763 144 779 christi
154 766 169 779 et
179 763 231 782 vobis,
239 764 284 784 quasi
295 764 367 780 Christus
378 764 460 785 perturbet
470 764 481 780 C
488 764 518 779 bus
525 764 584 784 subjici
593 764 623 779 11111
630 764 742 784 gravissimum
749 764 811 784 jugum.
818 764 862 780 Unde

84 788 202 804 ordinationem
214 788 251 804 vitm
263 788 342 807 humanm,
355 789 439 804 interiores
451 794 460 804 a

85 813 187 833 superiorum
198 813 289 828 obeditione
300 815 374 829 avertens
383 813 433 834 (quod
444 816 460 829 et

84 837 134 853 Judaei
142 837 237 857 objecerunt
244 837 306 853 Christo
314 842 367 853 coram
374 838 429 856 Pilato,
437 838 460 854 di-

85 864 141 878 eentes
149 867 153 878 z
161 862 207 877 Hunc
215 862 306 877 invenimus
314 862 425 882 prohibentem
433 863 460 878 tri-

86 886 125 902 buu
133 886 167 902 dari
178 886 250 906 (ἱκανῆς
257 891 286 902 vos
296 891 360 908 quoque
370 887 460 907 judicarent

85 911 158 927 rebelles.
171 911 224 927 Potest
235 913 288 927 autem
301 911 328 927 hie
340 911 384 928 loeus
396 916 460 932 generu-

85 935 122 951 liter
130 935 212 956 explanari
221 940 225 951 :
234 941 242 950 11
250 935 276 951 Sic
286 938 309 951 est
317 936 390 952 voluntas
400 936 433 955 Dei,
442 938 460 952 ut

85 960 204 976 benefacientes
212 966 226 978 11,
237 960 253 976 iu
263 962 293 979 est,
304 960 375 976 virtuose
386 961 459 976 viventes

84 990 94 999 11
101 985 212 1000 obmutescere
222 985 284 1001 l'aciatis
292 991 307 1004 a,
317 987 395 1006 quantum
408 986 423 1001 in
433 990 460 1001 vo-

83 1009 110 1025 bis
122 1011 151 1028 est,
163 1009 307 1030 «imprudentium
321 1010 404 1026 hominum
417 1010 459 1030 igno⁴

84 1034 153 1049 rantiam
163 1039 178 1052 n,
191 1034 267 1055 quoniam
282 1034 323 1050 bene
335 1034 409 1053 vivendo,
422 1034 460 1050 sub-

488 789 561 804 nonnulli
572 788 678 807 obtenebrati,
688 789 749 804 idcirco
759 789 861 805 rationabiles

488 817 554 829 suorum
564 813 664 834 superiorum
674 813 782 829 ordinationes
792 815 862 829 contem-

488 840 533 856 nunt,
544 838 582 858 quia
594 837 619 853 lox
632 837 696 856 Christi,
707 837 732 853 lex
746 837 824 853 libertatis
836 842 862 854 vo-

488 864 537 878 catur.
544 862 657 878 Verumtamen
664 862 772 878 ordinationes
779 863 861 883 hujusmo-

869 194 886 205 11.

875 299 903 311 m
909 301 926 311 111.

877 523 916 535 aaut.
923 527 934 536 v.

868 540 885 550 11,

487 887 503 902 111
516 891 548 903 non
559 889 597 902 sunt
609 887 713 903 immoderate
726 892 756 903 nee
767 887 802 902 sine
814 892 862 903 eausa
873 905 876 908 Ι

488 911 577 927 rationabili
593 911 723 932 multiplicandae,
736 914 754 927 ut
765 912 821 928 asserit
832 912 862 928 Au-

487 936 567 956 gustinus,
576 938 592 952 et
602 936 670 952 Thomas
681 936 743 957 allegat.

507 961 559 979 Porro,
568 961 613 981 quasi
622 965 659 976 vere
667 961 713 976 liberi
721 961 762 977 bene
771 963 825 982 agunt,
833 962 862 982 11111

487 987 547 1006 quanto
564 986 620 1005 majori
637 985 680 1006 apud
697 986 770 1001 homines
789 986 861 1002 libertate

488 1011 560 1028 utuntur,
573 1011 617 1025 tanto
631 1009 724 1030 diligentius
738 1010 810 1025 serviunt
824 1010 860 1029 Deo,

487 1034 555 1050 seientes
565 1034 607 1055 quod
617 1036 660 1050 tanto
670 1034 757 1050 districtius
769 1039 778 1050 a
788 1035 820 1050 Deo
829 1035 861 1050 sint

84 1058 148 1074 trahitis
155 1058 179 1074 eis
187 1059 269 1074 materiam
277 1058 376 1077 detrahendi,
381 1061 459 1080 quatenus
467 1060 479 1075 D
486 1059 574 1079 judicandi,
583 1060 643 1079 quanto
651 1063 693 1074 nuno
704 1059 740 1079 plus
750 1059 818 1075 humana
826 1064 861 1075 eva-

86 1083 121 1103 ipsa
128 1083 199 1098 veritatis
206 1083 286 1098 evidentia
294 1083 343 1099 coacti
352 1085 368 1099 et
375 1084 419 1102 victi,
427 1089 460 1099 ces-

85 1109 122 1123 sent
130 1107 217 1125 detrahere,
226 1107 336 1128 incipiantque
346 1107 414 1123 laudare.
423 1108 460 1124 ldeo

85 1132 125 1147 dicit
134 1131 192 1147 Paulus
200 1132 281 1153 apostolus
290 1136 293 1147 :
302 1132 364 1148 Nemini
372 1133 460 1153 (inquiens)

86 1156 142 1172 dantes
152 1156 201 1172 ullam
211 1156 323 1175 offensionem,
331 1158 349 1172 ut
358 1161 390 1172 non
399 1157 460 1178 vitupe-

86 1183 130 1197 retur
140 1181 247 1197 ministerium
259 1183 336 1197 nostrum.

107 1206 158 1223 Quasi
167 1206 221 1223 liberi,
230 1206 245 1221 id
257 1208 286 1224 est,
294 1211 331 1222 vern
342 1206 414 1222 libertato
425 1207 459 1222 sitis

85 1230 143 1248 ornati,
152 1232 169 1245 ut
179 1234 211 1246 non
221 1230 293 1246 serviatis
305 1232 375 1251 peccato,
384 1235 413 1246 nec
422 1231 459 1247 sub-

85 1255 123 1275 jecti
136 1254 171 1270 sitis
184 1254 242 1270 diaboli
253 1254 296 1275 jugov
308 1255 351 1270 Unde
363 1255 378 1270 in
390 1256 459 1271 secunda

86 1279 174 1295 beatissimi
187 1279 228 1294 Petri
240 1279 308 1299 epistola
320 1279 378 1299 legitur
390 1284 394 1295 z
407 1280 458 1300 Iniqui

86 1305 124 1319 sunt
133 1303 174 1319 servi
185 1303 301 1324 corruptioui53
311 1308 320 1319 a
327 1308 359 1324 quo
369 1304 412 1319 enim
423 1305 459 1325 quis

86 1328 138 1344 victus
150 1330 179 1346 est¹
190 1328 239 1348 hujus
251 1330 267 1343 et
278 1333 333 1343 servus
345 1330 373 1344 est⁴
387 1328 458 1344 Christus

487 1083 527 1099 dunt
535 1083 601 1103 judicia.
610 1083 655 1099 Tales
666 1085 704 1098 sunt
716 1083 775 1104 prmlati
787 1088 806 1099 ac
818 1084 860 1104 prin-

487 1107 530 1128 cipes
543 1108 619 1126 timorati,
632 1109 716 1128 pensantes
727 1108 769 1128 quod
781 1108 859 1129 seriptum

486 1134 511 1148 est
522 1137 525 1148 ε
538 1132 577 1151 Ouia
589 1132 668 1152 judicium
680 1132 792 1152 gravissimum
806 1133 822 1148 in
835 1133 860 1149 his

486 1156 514 1177 qui
524 1158 600 1178 prmsunt,
608 1157 641 1172 l'iet.
651 1157 716 1175 Rursus,
724 1157 770 1177 quasi
779 1157 825 1173 liberi
834 1157 860 1173 be-

487 1186 507 1197 ne
516 1183 571 1202 agunt,
581 1181 609 1202 qui
618 1181 648 1197 etsi
658 1186 695 1197 eum
706 1182 794 1202 patriarcba
802 1183 859 1203 loseph

486 1206 552 1222 servitio
561 1206 667 1227 deprimantur
676 1206 751 1225 humano,
756 1206 799 1222 vitiis
807 1209 859 1223 tamen

486 1230 547 1246 servire
554 1230 645 1246 nullatenus
653 1231 777 1251 compelluntur,
783 1232 860 1248 malentes

487 1255 526 1271 mori
537 1260 585 1276 quam
596 1255 645 1270 Deum
655 1255 736 1271 attendere
746 1258 778 1271 eta
787 1256 859 1272 Creatore

485 1280 540 1296 averti.
547 1280 583 1295 Ideo
590 1279 662 1295 subditur
670 1284 674 1295 z
682 1281 716 1295 Sed
722 1281 764 1295 sicut
773 1281 817 1296 serui
823 1282 859 1298 Dei,

486 1304 502 1320 id
514 1306 544 1322 est,
558 1304 579 1320 ita
591 1304 640 1324 agatis
654 1306 670 1320 et
681 1304 765 1323 obediatis,
777 1310 795 1321 ac
808 1307 859 1321 vestra

486 1329 559 1344 libertate
569 1328 642 1347 utamini,
653 1330 670 1344 ut
680 1329 724 1344 decet
736 1329 762 1345 Dei
773 1329 858 1345 ministros.

873 1137 933 1151 Suam,
