1079 1569
220 118 245 130 xlv
506 118 578 130 smum-A
588 118 704 130 auncuumn

218 161 279 182 auaris,
289 162 351 178 nemini
366 166 398 178 non
410 161 463 178 duleis
474 166 493 178 ac
505 162 556 178 mitis.
569 161 650 177 Praetereo
662 161 689 177 hic
701 161 745 182 quod
757 161 860 177 subditorum
872 161 940 177 tuorum
951 165 993 181 quo-

217 188 293 204 rumdam
308 189 421 205 infldelitatem
438 189 487 209 atque
500 188 605 208 seditionem,
620 188 735 204 haereticorum
751 192 817 209 quoque
833 188 936 208 impietatem
952 187 992 203 adeo

216 215 305 235 prudenter
318 215 407 236 castigasti,
418 215 491 235 adeoque
504 215 593 231 clementer
605 215 622 231 in
633 215 705 231 errantes
717 214 854 234 animadvertisti,
866 214 885 230 ut
897 214 931 230 illis
940 214 993 234 magis

216 241 266 257 libeat
276 242 292 257 in
302 242 318 258 te
327 246 382 258 amare
392 242 496 258 clementiam
506 246 556 262 qnam
568 241 656 257 formidare
665 242 769 262 potestatem,
780 241 813 257 imo
823 241 891 257 liberius
902 241 945 261 petri
954 240 993 257 obe-

216 268 262 284 diam
271 269 339 289 amanti,
351 273 401 289 quarn
411 268 524 289 obtemperent
534 268 575 284 dure
585 268 655 284 ferienti.
667 268 725 289 Itaque
736 268 781 289 quod
791 268 820 284 alii
829 268 867 288 igne
877 268 894 284 et
903 267 964 288 gladio,
975 268 993 283 111

216 295 235 310 111
244 295 314 315 patriam
323 295 344 311 ab
353 295 435 311 haereticis
444 300 499 311 serves
509 295 607 315 immunem,
618 295 659 311 dum
668 295 685 310 id
694 295 730 311 fieri
740 295 794 311 visum
804 295 829 311 est
841 294 943 310 clementiori
953 294 993 310 facis

216 321 364 338 animadversione.
375 322 422 338 Unde
432 326 481 342 nunc,
492 321 635 338 Reverendissime
647 322 701 341 Pater,
713 326 763 342 quam
775 326 808 337 non
819 321 914 342 poenitendo
924 320 992 337 consilio

216 348 278 364 sactum
290 349 318 369 sit,
328 349 373 370 quod
382 349 422 365 olim
435 353 445 364 a
457 349 481 364 tot
490 348 579 365 comitibus
589 348 606 364 111
618 348 711 369 dominum,
722 348 739 364 in
750 348 848 369 principem,
862 348 879 363 in
891 348 963 364 tutorem
974 351 992 363 ac

216 375 279 395 patrem
289 376 346 396 patriae
355 376 379 391 sis
388 376 464 396 optatus!
475 375 579 392 Sentiebetur
587 375 667 391 nimirum
677 376 715 391 tunc
725 375 769 391 haud
776 379 835 396 parum
842 374 929 395 profutura
936 374 993 390 mode-

216 402 254 422 stia,
262 402 360 423 benignitas,
368 402 463 418 humanitas
471 403 520 423 atque
527 402 614 423 prudentia
621 403 656 422 tua,
664 406 714 422 qnam
724 402 756 418 sihi
767 402 784 418 in
793 402 878 417 dominam
886 402 911 417 tot
918 405 993 422 proceres

216 429 291 445 unanimi
302 429 371 445 consilio
383 429 481 449 deligebant.
496 429 530 445 Nec
541 429 586 449 ipsos
598 433 637 445 sane
648 429 706 445 refellit
718 429 780 449 opinio.
791 428 877 449 Siquidem
888 428 940 444 animi
952 428 993 444 inte-

215 455 280 476 gritate,
290 456 422 476 mansuetudine,
436 456 565 476 aequanimitate,
579 456 595 472 et
610 456 627 471 id
639 460 691 476 genus
705 456 773 476 reliquis
787 455 860 475 dotibus,
873 455 958 471 dioecesim
970 455 993 471 ita

215 482 317 502 gubernasti,
329 483 348 499 ut
360 488 369 499 a
381 483 447 499 nemine
458 483 510 503 (quod
522 482 581 503 optimi
593 483 618 498 est
629 483 714 503 principis,
724 482 856 503 pientissimique
867 482 948 503 episcopi)
960 486 993 498 non

215 509 282 525 ameris.
295 509 348 525 Nemo
360 510 413 526 honus
427 509 457 525 tibi
470 510 540 525 mortem
552 509 604 530 (quod
619 509 694 530 tyrannis
706 509 805 530 quibusdam
820 513 852 525 usu
864 509 917 529 veuit)
930 509 993 529 optavit

216 540 295 556 unquam.
303 536 357 557 Atque
364 537 428 552 utinam
436 540 522 557 possemus
532 537 548 552 te
557 540 622 557 semper
629 540 694 553 servare
701 536 817 552 immortalem.
826 536 935 556 Quapropter,
941 540 993 556 quum

216 562 260 578 haud
269 567 317 579 secus
326 564 375 584 atque
383 564 488 584 patrem‚nec
496 563 551 579 miuus
561 567 610 583 quam
619 563 649 579 111ίὶ
656 564 672 579 te
681 567 757 579 amemus
766 567 829 583 omnes,
837 563 940 583 gratiuamur
948 563 993 579 haud

216 589 305 610 vulgariter
312 590 369 611 pietati
379 591 418 610 tuae,
427 590 476 610 atq-ue
486 594 496 605 a
505 590 569 606 cunctis
579 590 594 606 te
604 590 655 606 amari
665 590 749 610 impendio
759 590 840 606 laetamur.
851 590 897 606 Nihil
906 590 954 606 nohis
964 590 993 605 tri-

216 616 259 632 suus
268 617 297 632 tua
303 617 360 637 posset
367 617 419 633 morte
429 617 507 637 nuntiari,
515 621 545 637 pro
555 617 603 637 cujus
612 617 665 633 salute
674 617 820 637 incolumitateque
828 621 885 637 preces
894 617 930 633 Deo
939 617 992 632 mitti-

216 647 254 659 mus
263 643 379 660 indesinenter⁴
388 644 445 664 Itaque
455 643 522 659 laudent
530 643 559 659 alii
569 644 666 664 potentiam,
674 644 702 659 alii
712 644 779 660 divitias
788 643 909 664 commendent,
916 643 992 659 nonnulii

216 670 296 686 mirentur
305 670 405 691 dignitatum
415 670 482 690 infulas,
492 670 521 686 alii
530 671 637 687 stemmatum
646 671 736 691 praedicent
744 670 859 691 antiquitatem
868 675 872 686 :
880 675 911 686 nos
920 670 992 687 clemen-

216 697 257 712 tiam
266 697 283 713 in
295 698 311 713 te
320 697 404 713 efferimus
415 697 474 713 solam.
484 697 525 713 Haec
534 698 579 719 enim
588 698 684 714 dulcissima
694 698 719 713 est
729 697 806 717 subditis,
814 697 850 713 haec
858 697 936 718 praelatos
945 698 992 713 ornat

216 723 295 744 maxime,
302 724 333 740 hac
342 728 352 740 a
359 724 419 740 belluis
428 724 515 740 distamus.
523 724 567 743 Quid
575 724 644 740 enimin
653 724 726 745 principe
734 724 805 745 turpius,
811 724 851 745 quid
860 724 913 744 magis
922 724 992 740 habetur

216 755 291 771 exosum,
299 751 391 772 praesertim
404 751 421 767 in
433 751 517 772 episcopo,
530 755 579 772 quam
592 752 666 772 tyrannis
675 752 704 767 aut
713 751 814 767 crudelitas?
828 751 875 767 Hanc
886 752 992 767 exsecrantur

216 782 279 798 omnes,
289 778 381 799 praesertim
391 782 444 799 quum
455 778 495 794 adeo
505 778 565 794 nobilis
576 778 599 794 sit
609 779 682 794 creatura
692 778 749 798 homo,
758 778 799 794 adeo
808 779 894 799 praestans,
905 779 923 794 111
934 778 991 794 mode-

215 805 253 825 stia,
266 805 392 821 mansuetudine
404 805 453 826 atque
465 805 552 821 clementia
563 806 580 821 et
588 805 667 822 libentius
678 806 712 826 regi
726 806 742 822 et
753 805 821 821 suavius
830 805 868 821 duci
877 805 931 825 malit,
940 809 990 826 quam

215 832 316 848 anteritate.
324 832 388 853 itaque,
396 836 448 853 quum
460 832 481 848 ad
492 832 561 853 gloriam
573 833 619 848 tuam
629 832 670 848 nihil
683 833 763 848 virtutum
774 832 832 848 harum
842 832 990 848 Reverendissimae

215 858 312 875 Paternitati
329 859 362 875 tuae
376 859 424 879 desit,
437 863 489 879 amas,
504 859 577 875 custodis
592 860 608 875 01
622 863 716 880 propugnas
730 859 834 875 subditorum
849 859 990 879 tranquillitatem,

214 885 272 905 patriae
283 890 347 906 pacem,
358 886 483 906 vicinorumque
493 886 589 902 amicitiam.
597 886 674 902 Ceterum
685 890 716 902 nos
728 886 795 902 interim
803 886 824 901 ad
836 886 886 902 decus
895 886 944 901 tuum
955 890 991 906 per-

214 912 289 932 petuum,
295 913 389 933 nostraeque
396 912 434 929 fidei
442 917 480 933 erga
487 913 503 929 te
510 913 643 933 monumentum,
649 917 701 933 quum
708 913 753 929 aliud
760 917 867 933 nequeamus,
876 913 907 929 has
914 912 990 933 Dionysii

214 939 272 959 nostri,
283 939 315 955 viri
324 943 362 955 curn
372 939 431 960 primis
438 940 455 955 et
461 940 554 956 doctissimi
564 940 580 956 et
589 940 624 956 Deo
633 940 743 960 devotissimi,
751 940 873 956 lucubrationes
882 940 900 955 in
907 939 990 960 Epistulas

213 966 230 981 et
242 966 338 987 Evangelia,
349 967 399 987 atque
410 966 485 987 ejusdem
498 966 519 982 de
530 966 611 987 Tempore
625 971 716 987 sermones,
730 971 780 983 sacrae
793 966 881 987 Scripturae
893 966 990 983 auctoritate

212 992 287 1013 refertos,
297 993 445 1010 Reverendissimae
455 993 566 1014 Amplitudini
576 994 609 1010 11110
620 994 723 1010 dedicamus.
734 993 777 1010 Nam
789 994 818 1014 qui
830 993 926 1009 monasterii
937 993 989 1009 nostri

212 1020 265 1040 pater,
277 1020 322 1036 tutor
333 1020 382 1041 atque
394 1020 471 1036 fundator
483 1025 506 1040 00,
519 1020 560 1041 quid
572 1021 632 1036 mirum
646 1021 660 1036 si
673 1020 766 1036 studiorum
780 1024 846 1041 quoque
859 1021 954 1036 nostrorum
966 1020 989 1036 sis

213 1046 304 1067 patronus?
311 1047 404 1068 Gongruere
413 1047 469 1063 eutem
479 1047 551 1063 maxime
560 1048 638 1068 putamus
645 1047 794 1063 Reverendissimae
801 1047 897 1063 Paternitati
905 1047 944 1067 tuae,
952 1051 989 1068 quie

212 1073 287 1094 pastores
299 1074 316 1090 et
327 1074 404 1094 rectores,
412 1074 448 1090 tum
460 1074 518 1090 doctos
529 1075 546 1090 et
557 1074 631 1094 idoneos,
641 1075 676 1090 tum
689 1078 718 1094 per
727 1078 745 1090 se
755 1074 801 1094 ipsos
812 1074 909 1094 residentes,
919 1074 989 1094 singulis

212 1100 291 1117 Ecclesiis
301 1101 362 1121 praefici
372 1101 472 1122 jampridem
482 1101 593 1122 mandaverat,
604 1101 680 1122 Dionysii
690 1101 742 1117 nostri
750 1101 767 1117 in
774 1101 858 1122 Epistolas
867 1102 884 1117 et
892 1101 988 1122 Evangelia,

211 1131 254 1148 quos
264 1128 330 1148 scripsit
340 1128 399 1148 varius,
407 1128 511 1144 sermonibus
520 1128 619 1149 patrocinari
627 1133 631 1144 z
642 1128 703 1149 quippe
711 1128 739 1148 qui
749 1128 789 1144 nihil
799 1128 832 1144 nisi
841 1128 894 1149 pium,
904 1128 946 1144 nihil
956 1128 989 1144 nisi

211 1154 325 1175 christianum,
335 1155 377 1171 nihil
386 1155 456 1176 denique
466 1156 498 1172 nisi
507 1160 584 1176 germane
593 1156 699 1175 catholicum,
709 1156 744 1172 imo
752 1155 794 1171 nihil
803 1156 835 1171 nisi
847 1160 893 1172 sacra
903 1156 988 1176 Scriptura

210 1183 267 1202 (quam
275 1182 365 1199 admodum
373 1183 448 1203 feliciter,
458 1185 493 1199 nec‘
500 1183 556 1199 minus
569 1183 635 1204 copiose
644 1183 690 1204 citat)
702 1183 764 1203 ubique
776 1183 892 1199 confirmatum
904 1183 986 1204 producit,

210 1210 260 1229 atquo
266 1210 363 1230 genuinum,
373 1214 422 1231 quem
433 1211 505 1231 Spiritus
513 1210 584 1227 Sanetus
593 1210 672 1231 loquitur,
680 1215 748 1227 sensum
755 1210 843 1231 Scriptura
851 1210 928 1226 ostendit.
938 1210 988 1226 Hunc

211 1237 287 1253 dioecesis
300 1238 333 1254 tuae
347 1239 441 1259 pastoribus
454 1238 543 1259 legendum
556 1238 638 1259 suadeas,
651 1238 699 1259 juxta
713 1238 763 1259 liujus
777 1238 910 1258 elucidationem,
924 1242 988 1255 sacram

212 1265 314 1286 Scripturam
322 1266 381 1287 jubens
391 1266 482 1287 praedicari.
492 1266 528 1282 flou
537 1265 552 1281 si
564 1265 637 1286 fecerint,
645 1270 702 1282 secura
711 1266 734 1282 sit
742 1266 886 1283 Reverendissima
896 1267 988 1283 Patemitas

213 1294 242 1310 tua
253 1298 318 1315 gregem
329 1294 359 1311 tihi
371 1295 479 1311 commissum
488 1298 521 1310 non
530 1293 578 1310 aliter
589 1295 638 1314 atque
650 1294 677 1314 pie
689 1294 705 1310 et
716 1294 805 1311 christiane
817 1295 884 1315 erudiri,
894 1299 914 1311 ac
923 1295 988 1315 plebem

214 1323 260 1338 tuam
267 1322 298 1338 suh
305 1322 347 1343 jugo
357 1322 430 1341 Domini,
440 1322 472 1338 sub
481 1322 573 1338 obedientia
583 1322 617 1342 tua,
625 1322 643 1338 111
652 1326 691 1343 pace
701 1323 717 1338 et
727 1322 850 1343 tranquillitate,
861 1322 905 1342 quod
916 1322 988 1338 maxime

958 1462 1068 1502 “*t
