1079 1569
146 132 221 144 ΒΟΙΙΠΙΕΑ
231 132 249 144 111
259 132 296 144 rosi·
306 131 410 144 annnam
420 132 484 145 mlffl·
494 136 515 140 —
525 132 547 144 ΑΙ)
557 132 654 149 nttlnlosos;
665 133 715 146 §mo
724 133 789 148 02vath

825 128 856 145 49³1

81 174 133 195 linque
141 179 225 191 caveamus
232 180 253 191 ne
260 175 326 194 orando,
334 175 422 196 psallendo,
430 180 454 191 cc·
461 175 474 191 Α
502 175 525 191 Ad
533 175 574 192 lunc
581 180 619 197 orgo
627 176 751 192 sollicitudinem
759 181 823 197 semper
830 176 856 192 ha-

81 199 161 218 lebrando,
174 200 249 216 cordibus
261 200 297 221 vagi
308 200 359 216 simus
371 205 390 216 ae
402 200 454 216 Domi-

81 229 118 240 num
129 224 236 241 offendamus.

97 249 157 265 Deinde
162 250 208 265 docet
214 250 230 265 in
238 249 312 270 presenti
318 249 385 270 epistola
391 251 454 265 sanctus

29 278 53 289 nm.
58 282 74 291 m,
81 274 170 294 Apostolus,
183 276 200 290 ut
212 274 272 290 bonore
285 274 353 290 invicem
368 274 454 295 praevenia-

82 303 121 314 mus.
130 298 162 314 Boc
169 298 229 314 etenim
238 298 305 319 requirit
313 298 360 319 plena
367 298 454 316 humilitas,

81 323 109 338 hoc
118 323 200 339 caritatem
211 323 258 341 fovet,
266 325 283 339 et
290 323 371 339 intuentes
380 322 453 339 aedificat.

80 348 136 364 'l'amen
144 348 161 363 in
168 348 197 364 hoo
204 347 263 364 debent
270 347 341 368 juniores
347 348 408 363 Fratres
415 348 456 363 seni-

80 372 133 388 oribus
140 372 174 388 suis
182 372 254 392 delerre3
262 372 333 388 seniores
342 372 393 388 nihilo
401 372 454 388 miuus

80 397 95 413 in
106 397 135 413 boc
146 397 182 418 ipso
188 399 204 413 et
211 397 247 413 aliis
256 397 332 413 omnihus
342 397 388 412 bonis
396 396 455 413 debent

80 422 171 442 exemplum
186 422 251 437 salubre
265 421 357 442 junioribus
372 421 453 437 exhibere.

80 446 117 462 ilinc
131 447 148 462 in
161 447 216 467 regula
227 447 242 462 S.
254 446 335 462 Benedicti
351 446 424 465 liabetur,
437 448 455 462 ιιι

482 200 551 216 bendem
562 201 613 217 simus
623 206 654 217 non
665 202 713 222 pigri,
721 201 748 217 sed
759 206 812 217 coram
824 202 856 217 Deo

482 227 536 241 nostro
543 225 644 242 ambulemus
654 226 724 245 solliciti,
733 226 807 247 exemplo
814 226 855 242 beati

481 250 510 265 lob
523 250 624 271 protestantis
635 255 639 266 z
651 251 755 267 Considerans
768 251 824 270 Deum,
837 251 856 267 ti-
874 256 894 268 m
900 260 929 269 ιιιιιι

482 279 526 290 more
535 275 617 294 sollicitor,
626 277 642 291 et
648 280 712 296 semper
720 276 765 296 quasi
776 278 856 292 tumentes
863 273 929 286 mmm

482 304 530 320 super
540 304 566 315 me
575 299 634 315 fluctus
644 300 691 316 timui
701 300 756 316 Deum.
766 300 785 316 Et
794 300 855 316 utinam

482 325 514 339 tam
525 323 590 340 solliciti
602 329 674 340 essemus
685 329 713 340 nos
724 325 794 345 religiosi
804 325 824 341 ad
834 325 857 341 vi-

482 348 548 364 undum
565 348 655 369 periculum
672 349 768 368 animarum,
784 349 804 365 ad
819 354 857 365 eva-

482 372 552 388 dendum
564 373 629 394 laqueos
639 373 707 392 inimici,
715 374 735 389 ad
745 374 856 395 effugiendum

482 399 561 413 tormenta
576 398 640 417 inferni,
653 400 670 414 et
681 403 701 414 ne
713 399 740 415 Dei
755 398 857 415 ostendamus

482 422 589 443 praesentiam,
598 427 618 438 ne
625 423 692 443 gratiam
702 423 738 444 ejus
748 423 834 444 perdamus
841 426 858 440 et

482 446 555 467 gloriam,
568 449 616 468 etque
627 447 647 463 ad
659 448 778 468 proficiendum
792 453 811 464 ac
823 453 858 469 per-

79 471 150 491 juniores
162 472 223 487 Fratres
236 471 326 487 senioribus
338 473 421 491 assurgunt
431 471 454 487 lo-
463 471 475 487 B
482 472 588 487 severandum
599 472 615 487 iu
626 472 669 488 omui
678 472 736 488 virtute
746 477 764 488 ac
774 473 816 489 dono
823 473 858 494 Spi-

80 501 148 517 cumque
163 496 249 517 praebeaut,
261 500 314 516 neque
329 495 409 511 resideant
423 496 453 511 nisi

80 526 89 536 a
98 520 189 536 senioribus
197 520 243 541 jussi<
253 521 270 536 ln
280 520 344 536 statutis
354 525 418 541 quoque
425 520 454 536 Or-

80 545 121 561 dinis
129 545 180 561 fertur
187 545 299 563 cartusiensis,
304 547 321 560 ut
329 545 390 561 Fratres
398 547 454 561 mutuo

81 570 168 588 obviantes,
178 569 210 585 sibi
222 569 292 585 invicem
305 569 368 585 modice
379 574 398 585 ac
410 574 454 585 reve-

81 597 132 611 renter
143 594 221 610 inclinent
232 599 250 610 ac
262 594 341 610 decenter.
350 594 406 610 Nullus
417 598 454 614 ergo

80 619 100 635 sit
106 620 151 635 durae
160 619 228 635 cervicis
235 621 263 635 aut
270 619 328 635 tumidi
335 619 394 637 cordis,
402 619 429 634 sed
437 619 453 634 in

80 649 96 659 se
108 644 144 664 ipso
154 649 173 660 ea
185 644 266 659 intueatur
278 645 343 664 propter
355 648 390 664 quie
402 648 419 659 se
431 648 455 659 as-

80 671 161 689 pernetur,
174 668 191 684 iu
202 668 234 684 alio
246 670 300 684 autom
313 673 331 684 ea
343 670 408 689 propter
419 673 455 689 quaa

81 693 132 714 ipsum
143 695 234 709 veneretur.

99 718 177 738 nemque,
184 717 230 738 juxta
238 717 319 733 hodierum
326 717 415 733 doctrinam
423 717 455 738 epi-

27 746 67 758 mn.
80 740 128 761 stolas,
137 742 188 758 simus
196 742 304 758 sollicitudine
311 746 343 758 nou
352 742 398 763 pigri,
407 742 423 758 id
430 744 454 758 est

482 496 523 511 ritus
537 496 596 515 Sancti,
609 501 656 517 quam
672 497 736 512 solliciti
751 499 789 512 sunt
802 497 856 513 saeculi

481 522 560 536 amatores
569 525 589 536 ne
597 521 691 541 temporalia
700 521 758 537 damna
768 521 856 540 incurrant,

482 547 498 560 et
505 547 523 560 ut
530 545 547 560 in
555 545 603 561 rebus
611 548 682 561 crescant
689 546 757 562 terrenis
765 551 769 562 τ
777 551 827 567 quum
835 548 857 562 ta-

483 574 519 585 men
531 569 547 585 in
559 569 642 585 infinitum
654 570 705 591 major
715 570 736 586 sit
746 571 787 586 ratio
799 571 857 587 sollici-

482 594 543 610 tudinis
555 599 584 615 pro
595 595 706 615 spiritualibus
720 595 767 611 bonis
779 595 857 611 habendis

482 624 530 639 quam
540 624 569 640 pro
579 619 694 640 temporalibus
704 620 757 636 rebus.
766 620 830 639 Verum,
841 622 857 636 et

482 644 522 664 proh
537 644 594 660 dolorl
608 646 625 659 ut
639 644 661 659 sit
673 644 749 663 Salvator,
762 644 793 660 filii
808 645 856 665 hujus
864 651 930 664 mma.

482 668 536 684 sxeculi
546 668 657 689 prudentiores
667 668 706 684 filiis
716 669 756 685 lucis
767 669 783 685 in
793 674 857 690 genera<

482 693 525 709 tione
537 698 566 709 suu
577 695 618 709 sunt
630 693 759 714 Videmus>qnod
772 694 857 714 negotiata

482 722 513 736 res,
526 722 558 733 non
570 717 671 733 obstantibus
683 718 748 738 pluviis,
761 718 857 739 pestilentiis

482 742 562 763 variisque
575 742 698 758 difficultatibus
712 745 760 763 atque
774 743 856 764 periculis,

81 767 151 788 prompti
164 767 184 783 ad
196 767 326 783 sollicitudinem.
341 766 371 782 Sed
383 766 421 782 huic
432 767 473 783 vi-C
482 769 566 782 assumunt
577 767 648 783 laborem
658 769 674 783 et
683 767 777 788 gradiuntur
787 768 806 783 ad
817 773 857 784 nun-

80 792 126 808 detur
135 792 233 808 contrarium
241 791 284 812 quod
294 791 332 807 alibi
342 791 382 807 dicit
388 792 454 812 Aposto-

81 817 110 835 lus,
119 817 154 832 Non
166 816 231 832 solliciti
242 816 287 836 sitis;
297 818 313 832 et
325 816 367 836 quod
380 816 454 832 Salomon

80 841 142 860 asserit,
155 841 255 861 Exspecutio
269 841 374 857 sollicitorum
389 840 453 861 peribit.

80 866 157 884 Quocirca
170 866 212 881 scire
224 867 292 886 oportet,
304 865 346 886 quod
359 865 418 886 duplex
430 867 455 881 est

79 890 171 906 sollicitudo
180 895 183 905 :
192 895 224 906 uua
235 894 264 911 pro
274 889 390 910 temporalibus
401 890 454 911 nequi-

79 915 138 933 rendis,
147 915 223 935 augendis
233 916 260 930 aut
269 914 387 930 conservandis.
396 914 415 930 Et
424 915 454 930 ista

78 940 91 956 si
99 940 121 956 sit
129 939 215 957 moderato,
224 943 255 955 nou
265 941 290 955 est
299 939 362 957 vitiosa,
370 939 398 954 sed
406 939 452 958 bone,

78 966 93 980 et
100 966 147 980 actus
155 964 243 985 prudentia
251 968 255 979 2
264 968 295 979 non
303 965 357 979 tumen
364 964 384 979 ad
392 963 454 985 religio-

78 994 103 1005 sos
111 989 182 1010 pertinet
189 988 276 1009 simplices,
285 988 312 1004 sed
320 988 339 1004 ed
347 988 453 1009 quorumdam

78 1014 190 1034 religiosorum
201 1013 253 1029 Patres
262 1018 281 1029 ao
292 1015 401 1034 procuratores
411 1015 454 1034 pote-

78 1039 98 1055 rit
108 1039 196 1060 pertinere⁴
205 1038 221 1054 Si
232 1042 270 1054 vere
281 1038 302 1053 sit
313 1038 418 1054 immoderata
429 1038 453 1054 ni-

27 820 73 834 utimr.

27 855 45 863 m.
49 855 61 865 n,
64 853 73 863 ·1⁴

481 791 527 807 dinas
538 796 567 812 pro
577 791 692 812 temporalibus
704 792 761 812 lucris3
772 794 788 808 et
795 797 824 808 nos
834 797 857 808 re-

482 816 540 836 ligiosi,
549 816 577 837 qui
585 816 629 832 omni
638 819 678 837 pene
689 818 770 832 momento
777 816 857 837 prolicere

482 841 498 856 in
510 841 575 856 caritate
585 843 601 856 ct
610 841 661 861 gratia
670 841 698 857 Dei
708 841 785 860 valemus,
794 843 857 857 aeternm

482 870 545 886 quoque
558 865 661 881 beatitudinis
674 866 758 886 proemium
771 866 857 882 ineffabili-

481 892 506 905 ter
518 890 564 906 nobis
578 894 642 911 sugere,
655 894 684 911 pro
696 890 727 906 levi
743 891 826 907 occasione
838 896 857 907 ac

481 915 549 930 modicis
560 914 611 930 causis
621 914 723 931 absentamus
733 919 762 931 nos
771 920 781 931 a
790 915 855 934 divinis,

481 941 497 955 et
506 944 516 955 a
526 939 581 955 multis
592 939 669 955 virtutum
680 944 762 955 cess-mus
774 940 855 960 operibus.

481 964 525 983 Quod
538 966 588 979 totum
603 968 622 979 ex
637 964 733 984 negligentia
745 964 856 981 excoecetione-

481 993 512 1009 que
523 990 576 1004 nostra
587 989 671 1009 provenire
682 991 783 1005 monstratur.

501 1013 573 1034 insuper,
582 1013 653 1029 vicissim
662 1016 705 1029 tanta
715 1014 792 1030 laxatione
802 1014 856 1035 oppri-

482 1038 547 1055 mimur.
556 1040 598 1053 muta
607 1038 691 1054 securitate
701 1038 801 1057 resolvimur,
810 1039 856 1059 quasi

78 1064 142 1084 misque
156 1063 209 1081 anxia,
222 1062 333 1083 vituperabilis
347 1064 371 1078 est
385 1064 433 1083 atque
445 1067 454 1078 a
462 1063 473 1079 D
481 1063 500 1078 ad
513 1062 600 1078 terminum
612 1063 733 1083 pervenerimus
745 1063 855 1084 concupitum,

78 1088 141 1104 Christo
152 1087 238 1108 prohibita.
246 1087 282 1103 Alia
291 1089 316 1103 ost
325 1087 415 1103 sollicitudo
426 1092 454 1108 pro

79 1112 191 1133 spiritualibus
199 1112 251 1130 bonis,
259 1112 334 1128 videlicet
341 1112 392 1132 gratia
398 1116 416 1127 ac
424 1112 454 1127 vir-

79 1137 147 1155 tutibus,
153 1136 250 1154 obtinendis,
256 1136 333 1156 augendis
340 1141 359 1152 ac
366 1136 455 1152 custodien-

79 1162 108 1180 dis,
114 1167 135 1178 ne
143 1161 185 1177 Deus
193 1160 290 1179 offendatur,
297 1165 317 1176 ne
325 1160 345 1177 ab
352 1163 411 1177 aeterna
418 1161 454 1182 quis

79 1186 178 1207 impediatur
185 1186 241 1203 salute.
250 1190 270 1201 ne
280 1185 296 1201 in
306 1185 382 1206 gebennis
393 1185 455 1201 labatur

79 1211 165 1232 supplicia.
173 1210 210 1226 Eaec
219 1212 244 1226 est
251 1210 341 1226 sollicitudo
351 1210 392 1226 bona
401 1215 419 1226 ac
428 1215 455 1231 op-

79 1236 124 1254 tima,
137 1240 158 1251 ex
170 1235 236 1251 caritate
247 1236 264 1250 et
275 1234 321 1250 filiali
335 1235 423 1255 procedens
436 1235 454 1250 ti<

80 1265 129 1276 more.
136 1260 161 1276 Ad
169 1264 216 1280 quam
225 1260 300 1280 princeps
307 1259 417 1280 Apostolorum
426 1264 455 1275 nos

27 1288 73 1301 muas,
80 1286 146 1301 hortans
160 1289 163 1300 :
176 1284 228 1300 Sobrii
241 1284 277 1304 (ait)
291 1286 340 1299 estote
355 1286 371 1300 et
385 1284 454 1304 vigilate,

80 1310 117 1331 quia
127 1309 229 1325 adversarius
236 1310 289 1324 vester
297 1308 370 1324 diabolus
380 1311 455 1329 tanquam

81 1334 105 1350 leo
112 1333 179 1355 rugiens
186 1333 323 1354 tironicqnfflrens
331 1337 379 1354 quem
387 1333 455 1349 devoret.

481 1087 500 1103 ad
511 1087 562 1103 finem
572 1087 643 1105 beatum,
652 1092 701 1108 quum
712 1089 765 1103 tamen
776 1088 828 1104 adbuc
839 1088 855 1104 in

482 1112 535 1127 medio
545 1111 638 1132 laqueorum
648 1116 735 1128 versemur.
744 1112 774 1128 Sed
784 1113 856 1129 conside-

482 1141 536 1152 remus
549 1141 584 1157 quoe
598 1138 662 1154 restant.
674 1138 690 1152 et
702 1138 761 1157 quanto
774 1137 857 1153 efficimur

482 1161 558 1179 seniores,
567 1163 610 1176 tanto
622 1161 673 1177 simus
685 1161 791 1181 sollicitiores,
801 1164 856 1183 utpote

482 1185 501 1201 ad
514 1185 541 1201 Dei
552 1185 631 1205 judicium
643 1186 693 1206 magis
703 1186 855 1207 appropinquantes*

482 1210 521 1226 Nam
531 1212 548 1226 et
558 1210 574 1225 in
586 1210 620 1230 ipso
631 1210 686 1226 mortis
698 1210 774 1231 periculo,
783 1211 799 1226 in
810 1211 856 1227 infir-

482 1235 537 1250 mitate
545 1236 619 1253 extrema,
623 1239 704 1250 summum
712 1235 760 1251 instat
766 1235 856 1256 periculum

482 1262 530 1280 atque
544 1259 649 1275 durissimum
664 1259 751 1280 prmlium;
766 1262 782 1276 et
796 1263 856 1281 quanto

483 1284 575 1304 quempiam
586 1284 656 1300 viderint
665 1284 745 1300 deamones
758 1285 808 1305 magis
821 1290 856 1306 pro-

483 1308 571 1327 ficientem,
580 1310 623 1324 tanto
630 1309 683 1324 acrius
690 1314 727 1324 eum
737 1309 831 1330 impugnent
838 1315 856 1326 ac

483 1333 552 1354 nequius
560 1333 574 1349 ci
583 1333 682 1349 insidiantur.
691 1334 760 1350 Durante
770 1338 808 1355 ergo
814 1336 857 1350 arcta
