1079 1569
207 125 281 137 nmnch
291 125 396 137 §mansium
406 129 427 131 —
437 124 458 136 Ab
468 124 566 140 ιιιισιοωες
577 124 627 136 §mo
637 124 701 138 animus

813 119 843 135 ³38

70 168 145 184 Debemus
155 173 184 184 nos
193 167 280 186 firmiores,
288 167 407 183 imbecillitates
418 167 441 182 in·
448 166 461 182 Α
469 166 541 182 interiori
553 166 615 182 audivit
626 166 681 182 auditu
693 165 742 181 verba
753 170 815 181 aroana*
826 165 843 181 ln

70 193 150 209 firmorum
163 192 248 211 sustinere,
260 192 333 213 protinus
345 191 411 210 addidit,
423 191 442 207 Ει

70 222 100 233 non
114 217 159 233 nobis
174 217 242 238 placere.
256 217 296 232 Sunt
310 216 353 232 enim
369 215 441 232 nonnulli

70 246 100 257 non
107 242 183 258 veraeiter
191 242 269 262 patientes
275 246 294 258 ac
302 241 375 259 virtuosi,
382 241 410 256 sed
417 245 442 256 su-

70 267 113 287 perbi
123 269 138 282 et
149 266 270 287 indignabundi,
281 266 312 281 sibi
324 266 363 286 ipsis
375 265 443 281 inaniter

70 291 183 312 complacentes
194 295 198 306 z
208 290 267 311 quibus
277 290 291 306 si
301 290 321 306 ab
334 290 369 306 aliis
381 289 442 310 aliquid

70 316 139 331 videatur
150 315 220 336 injuria,
232 315 316 333 irrisionis,
327 314 442 335 aspernationis

70 340 129 359 inferri,
137 340 190 356 statim
199 340 235 355 illos
243 339 339 360 despiciunt,
347 339 442 359 dijudicant,

70 367 85 380 et
94 367 168 385 tanqnnm
180 364 274 385 insipientes
283 364 310 379 vix
320 364 406 384 dignantur
416 363 443 378 ad-

70 389 133 409 spicere.
140 389 160 404 ffi
168 388 207 404 tales
215 388 289 409 quamvis
297 393 328 404 non
336 387 443 408 responde-nt

70 414 162 432 verbis,non
170 413 240 429 exterius
248 413 317 429 inierunt
325 413 406 430 ultionem,
411 417 443 428 non

69 440 120 454 tamen
128 443 165 454 vere
174 440 212 454 sunt
221 438 304 458 patientes,
312 437 340 453 sed
350 437 443 458 superbien-

469 196 501 211 qua
513 190 580 209 visione,
593 190 682 206 seeundum
695 190 808 211 Augustinum,
821 190 844 205 vi·

469 215 493 231 dit
503 215 553 231 Deum
565 220 594 236 per
604 215 680 236 speeiem.
689 215 738 234 Quam
749 217 765 231 et
774 215 845 231 creditur

469 240 544 256 habuisse
554 240 596 256 infra
604 240 675 256 triduum
686 240 725 256 illud
733 244 765 260 quo
775 242 810 260 post
817 244 844 260 ap-

470 264 565 285 paritionem
576 264 633 280 Christi
643 264 674 280 sibi
686 264 702 280 in
714 264 739 280 via
750 269 806 280 versus
817 264 845 280 Da>

470 293 541 305 muscum
553 289 611 304 factam
621 289 638 305 in
648 289 728 310 principio
737 293 770 304 suae
780 293 845 304 conver-

470 313 525 332 sionis,
538 313 569 329 {uit
583 318 615 329 non
627 313 689 332 videns,
702 318 731 329 neo
747 313 844 329 manducans
857 318 918 332 acum&

470 343 499 354 nec
510 338 573 354 bibens*

490 363 548 382 Tertio,
561 363 578 379 in
593 363 667 384 prasenti
679 363 747 384 epistola
758 363 805 379 docet
817 367 845 379 nos

470 387 549 408 gloriosus
561 388 651 408 Apostolus,
664 393 699 408 qum
714 390 730 404 et
744 390 803 409 quanta
817 392 846 409 pro

471 413 533 431 Christo
541 417 627 433 perpessus
634 413 659 428 sit.
665 413 695 428 Per
702 413 750 434 quod,
756 417 785 429 suo
793 417 846 429 exem-

471 437 498 458 plo
513 437 533 453 ad
547 437 639 458 patientiam
655 442 683 453 nos
697 437 776 456 bortatur,
793 440 810 453 ιιι
824 438 846 454 di-

69 465 92 479 tes
99 468 116 479 ac
126 465 186 479 temere
195 463 290 483 judicantes.
299 462 325 478 Sic
334 466 372 482 ergo
382 462 443 482 sapien<
451 461 464 477 B
471 466 534 477 scamus
549 462 605 477 saltem
618 462 634 477 in
649 462 703 482 parvis
715 464 731 478 et
743 462 846 483 paucioribus

69 490 93 503 tes
102 490 117 503 et
128 487 174 509 probi
187 487 282 508 insipientes
294 487 346 502 ierant
356 491 374 502 ae
386 486 443 507 impro-

70 512 102 531 bos,
112 514 130 528 ut
141 517 170 528 nec
182 517 199 528 se
210 511 257 527 facile
269 511 355 532 sapientes,
366 515 395 527 nec
408 511 443 526 illos

70 537 115 552 facile
126 536 200 557 judicent
212 541 247 552 esse
259 536 353 556 insipientes
365 540 369 551 :
382 535 415 551 imo
426 540 444 551 se

71 562 112 582 ipsos
122 562 145 577 sie
156 563 267 582 aspernentur,
278 563 296 576 ιιι
307 560 371 576 illorum
381 565 400 576 ae
410 565 444 576 om-

70 587 114 602 nium
123 586 209 604 derisione,
218 585 325 606 improbitate.
333 585 444 606 persecutione

70 611 167 627 arbitrentur
175 615 191 626 se
199 610 260 631 dignos⁴
270 610 299 629 Oui
307 610 350 626 enim
360 610 444 625 inhonorat

70 640 98 651 seu
107 635 175 656 despicit
183 635 279 654 Creatorem,
287 639 296 650 a
303 634 365 650 cunctis
374 636 444 650 meretur

70 661 145 676 creaturis
155 660 236 676 contemni
246 664 264 675 ac
275 660 371 675 inhonorari.
379 660 444 680 Propter

26 695 28 702 ι
35 693 52 704 „³
60 700 62 702 .
69 685 112 706 quod
119 685 135 701 in
143 685 185 701 libro
193 684 278 705 Sapientiae
287 684 346 700 dieitur
355 688 358 699 :
367 684 445 704 Pugnabit

70 714 99 731 pro
106 710 137 725 Deo
144 709 188 725 orbis
197 711 275 725 terrarum
285 711 340 724 contra
350 709 443 724 insensatos.

89 734 168 752 Secundo,
181 734 227 750 docet
239 733 324 754 Apostolus
339 733 354 749 in
370 733 443 754 praesenti

471 486 593 502 adversitatibus
603 491 638 502 esse
649 487 732 507 patientes,
741 487 846 507 imperturba-

472 511 512 527 biles
522 513 538 527 et
547 513 642 527 constantes.
651 511 726 527 Omnium
737 516 806 532 nemque
815 512 846 527 vir-

471 538 524 551 tutum
535 536 612 556 patientia
621 538 645 551 est
655 536 742 557 probatrix,
750 536 795 556 juxta
806 536 846 552 illud

472 560 578 576 Ecclesiastici
591 565 594 576 ε
605 560 645 576 Vasa
657 560 703 581 figuli
716 561 772 581 probat
783 561 845 580 fornax,
866 565 903 577 neeri.

471 587 488 601 et
500 585 573 601 homines
586 585 638 606 justos
652 585 718 601 tentatio
732 585 844 602 tribulationis.
852 584 873 592 ‘¹'

472 610 608 628 Quemadmodum
616 610 659 626 enim
669 610 711 626 mala
718 610 749 626 olla
758 610 774 626 in
782 610 846 627 fornace

472 635 529 655 posita,
542 636 596 655 crepat
610 637 626 650 et
640 635 703 655 exsilit3
716 635 740 651 sio
752 635 800 651 homo
814 640 846 651 non

472 664 509 675 vere
521 660 549 675 sed
562 659 600 675 ficte
611 662 638 675 eut
647 662 742 680 apparenter
752 660 818 676 devotus
828 665 847 676 ac

472 684 558 702 virtuosus,
567 684 583 699 in
591 684 691 700 adversitatis
699 684 762 700 camino
772 685 848 700 eonstitu-

472 710 503 727 tus,
511 708 581 724 ostendit
590 708 629 729 quid
639 708 686 724 lateat
697 709 713 724 in
723 714 746 728 se,
754 711 770 725 et
779 714 807 730 per
818 709 847 725 im-

472 733 553 753 patientia)
563 738 596 749 sum
606 733 684 754 impetum
696 734 755 753 exsilit,
766 736 820 755 crepat
830 736 846 750 et

69 759 141 779 epistola,
150 758 192 779 quod
204 763 251 774 causa
264 757 353 773 rationabili
365 758 444 778 exigente,
453 758 464 775 C
472 757 544 778 agitatur.
555 758 615 778 ltaque,
625 762 644 773 an
655 758 703 774 homo
713 763 750 774 vere
762 758 783 774 sit
793 759 847 774 morti-

69 784 104 799 loco
114 788 133 799 ae
144 785 217 804 tempore
229 785 320 804 opportuno
330 782 381 803 possit
390 787 408 798 ac
418 782 444 798 de<

69 808 105 824 beat
116 808 169 826 homo,
180 808 199 823 nd
212 808 240 823 Dei
251 807 328 823 honorem
339 809 355 823 et
365 807 445 828 proximo-

69 838 105 848 rum
112 832 307 850 2difieationnm‚eisdem
315 832 396 847 insinuare
404 832 445 847 dona

68 857 123 878 gratim
132 862 150 873 ac
160 857 216 872 merita
223 857 260 872 vitae
268 856 299 872 sibi
308 861 388 875 concessa,
397 856 444 872 etiam

68 882 111 897 dona
125 881 193 900 occulta,
208 881 272 902 quando
287 881 379 901 magnitudo
393 885 445 897 ceum

68 907 99 922 hoc
107 906 161 927 ipsum
169 906 265 926 expostulat,
274 905 347 926 quamvis
356 906 444 921 secundum

68 935 172 947 communem
182 930 299 946 observandum
310 930 392 950 sitalegem
402 930 445 951 quod

44 956 145 975 v1.‚Salomon
156 955 226 976 loquitur
235 959 239 970 :
247 955 307 970 laudet
316 956 332 970 te
341 959 359 970 os
368 955 444 973 alienum,

68 983 85 996 et
96 985 129 996 non
139 984 156 996 os
167 982 223 999 tnum;
233 982 323 998 extraneus,
333 982 349 995 et
360 984 391 995 non
404 979 446 995 labia

41 1008 102 1024 .11,tua.
113 1005 157 1021 Unde
167 1004 251 1025 Apostolus
264 1004 280 1020 in
292 1004 321 1020 iste
333 1004 400 1025 epistola
410 1004 445 1020 dili-

68 1032 126 1051 genter
138 1031 221 1045 enumerat
232 1029 273 1045 bona
285 1029 315 1045 sibi
327 1029 396 1050 desuper
406 1034 445 1049 prm-

472 782 535 801 sicatus,
543 782 609 801 fractus,
619 782 691 802 humilis,
699 785 715 799 et
725 783 811 804 perlectus,
822 785 846 799 ut-

472 808 509 827 pote
516 812 525 822 a
533 807 595 827 privato
605 811 659 823 amore
669 807 733 828 penitus
743 810 845 828 expurgatus,

472 836 501 847 nee
513 831 568 847 laudes
579 831 662 847 bominum
673 836 747 852 quaarens
758 837 810 853 neque
819 832 847 848 ho-

472 856 556 874 nores,sed
564 856 583 871 ad
591 856 694 872 contumelias
700 861 738 872 vere
746 859 814 877 paratus,
819 862 847 878 per

472 881 565 901 patientiam
577 881 646 896 maxime
656 881 748 902 exploretur
757 886 775 897 ac
785 882 847 897 inmte<

472 905 550 921 scitHinc
558 905 574 921 in
582 905 701 921 canonizatione
707 906 799 922 Sanctorum
807 911 847 922 sum-

472 935 498 945 rne
511 930 598 950 requiritur
613 934 633 945 an
645 935 682 946 vere
697 933 713 946 et
725 930 772 951 plene
786 931 847 947 inerint

472 955 555 975 patientes.

492 979 546 995 Refert
557 984 574 995 se
587 979 666 996 Climacns
680 980 696 1000 in
709 980 770 996 solenni
784 983 800 996 et
811 986 847 996 san-

472 1006 498 1020 cto
505 1004 525 1019 ad
533 1006 596 1025 tempus
604 1004 654 1020 fuisse
662 1004 740 1023 coenobio,
749 1005 766 1020 in
773 1009 805 1025 quo
814 1007 848 1021 orat

473 1031 537 1045 sanctus
547 1029 573 1044 vir
582 1029 647 1045 nomine
656 1029 715 1048 Menas,
726 1031 761 1050 post
773 1029 847 1045 abbatem

68 1055 113 1073 stita,
121 1054 162 1070 bona
172 1059 208 1074 quae
219 1053 263 1072 fecit,
270 1053 336 1074 adversa
347 1058 382 1074 qum
393 1055 446 1074 pertu-
453 1054 465 1070 D
474 1053 535 1074 primus
550 1053 566 1069 in
582 1053 686 1074 dispositione
702 1054 802 1074 negotiorum
816 1059 847 1070 cos-

68 1079 91 1095 lit*
96 1079 164 1097 Quidam
172 1083 242 1099 namque
249 1078 367 1094 Corinthiorum
375 1082 446 1094 seorsum

67 1109 77 1120 a
88 1103 227 1124 pseudoapostolis
237 1103 278 1118 mole
288 1103 308 1118 de
317 1102 364 1118 beato
371 1102 446 1123 Apostolo

67 1129 136 1144 inerunt
146 1127 235 1147 ἱιιῐοτῐιιιιίς
244 1129 309 1148 propter
318 1132 386 1147 quorum
397 1127 446 1143 inror-

67 1153 157 1169 mationem
167 1154 183 1168 et
192 1152 301 1168 reductionem
311 1152 411 1167 enumeravit
421 1152 446 1167 bo-

67 1183 88 1194 na
102 1183 132 1193 sua
142 1177 227 1198 Apostolus
239 1179 271 1193 tam
284 1177 358 1192 distincte
370 1181 373 1192 :
384 1177 401 1192 ln
414 1181 446 1197 quo

66 1202 160 1224 (inquiens)
172 1202 208 1223 quis
220 1202 273 1220 audet,
284 1201 335 1217 audeo
347 1203 363 1217 et
375 1206 409 1222 ego.
419 1202 446 1217 Mi-

66 1227 117 1244 nistri
128 1226 186 1243 Christi
197 1229 240 1245 sunt,
251 1228 267 1242 et
277 1231 315 1246 ego3
326 1228 344 1242 ut
356 1226 410 1242 minus
422 1231 446 1242 sa-

66 1253 116 1274 piens
126 1251 167 1270 dico,
176 1251 213 1272 plus
222 1256 256 1271 ego.
266 1251 285 1267 Et
295 1251 358 1267 tandem
369 1251 446 1267 describit

51 1279 54 1282 ’
66 1276 222 1294 excellentissimam
234 1276 312 1292 visionem
327 1276 358 1291 sibi
371 1280 446 1296 superna-

26 1308 34 1319 ι
41 1311 58 1320 m.

65 1301 143 1318 tui-alitor
153 1306 171 1317 ac
181 1301 297 1321 gratiosissime
308 1300 371 1319 iactam,
380 1305 411 1321 qua
422 1306 446 1317 ra*

65 1329 106 1349 ptus
118 1326 150 1342 {uit
159 1330 210 1346 nsque
220 1325 239 1341 ad
250 1325 315 1341 tertium
325 1325 390 1344 coelum,
398 1327 446 1346 atque

473 1078 523 1096 nobii,
536 1078 564 1098 qui
575 1078 691 1099 quinquaginta
701 1083 759 1094 novem
771 1079 818 1095 annis
830 1079 846 1095 in

473 1103 570 1119 monasterio
582 1103 616 1119 l'uit.
630 1103 659 1121 Qui
672 1103 741 1124 quodam
752 1103 778 1119 die
789 1104 809 1119 ad
821 1104 847 1120 ab·

473 1127 532 1143 batiam
545 1130 631 1146 revertens,
640 1130 656 1143 et
665 1128 751 1144 metaniom
762 1128 816 1144 abbati
827 1129 847 1144 ad

473 1157 556 1173 vesperam
565 1152 631 1171 faciens,
639 1153 701 1168 scilicet
707 1157 759 1173 genua
767 1158 820 1169 coram
828 1158 847 1169 eo

473 1177 546 1196 flectens,
554 1177 617 1193 veniam
625 1177 786 1199 benedictionemque
793 1180 847 1199 postu-

474 1201 508 1217 lans
519 1201 539 1217 ab
552 1202 614 1220 abbate,
626 1202 661 1223 ipso
672 1204 729 1223 sponte
741 1205 846 1223 praetereunte

473 1226 538 1242 relictus
550 1228 574 1242 est
587 1231 637 1247 usque
649 1227 669 1242 ad
680 1227 746 1243 canonis
760 1227 815 1243 boram
830 1228 847 1244 in

473 1253 519 1267 terra.
528 1251 572 1267 Tune
579 1256 617 1267 vero
624 1251 673 1267 abhas
682 1252 735 1273 ipsum
744 1252 846 1272 benedicens,

473 1276 548 1291 eumdem
556 1278 574 1291 nt
581 1276 690 1292 ostentationis
699 1278 785 1293 amatorem
794 1277 847 1293 redar-

473 1301 512 1321 guit.
521 1301 556 1321 lpse
564 1305 601 1316 vero
608 1301 623 1317 S.
632 1301 684 1317 Menas
692 1301 756 1317 cuidam
764 1306 793 1318 suo
800 1302 847 1318 disci-

474 1325 513 1346 pulo
520 1326 574 1346 ipsum
584 1325 687 1346 interroganti
695 1331 715 1342 ιιι
723 1326 740 1342 in
747 1328 780 1342 tam
787 1326 848 1343 dintur-
