1079 1569
158 278 202 293 canu.
207 282 217 292 v,

223 128 253 146 ⁴06

406 133 480 145 nemim
490 133 501 145 u
511 133 638 147 ouannauzsm.
648 137 669 140 —
679 133 729 145 afflu
739 133 816 145 summus

224 179 296 197 purgata,
311 177 361 197 gratia
375 181 439 197 quoque
452 178 499 197 atque
511 176 598 191 virtutibus
605 176 619 192 Α
626 175 658 194 bet,
669 176 803 196 quemadmodum
816 178 880 191 sanctus
888 176 917 192 ,lob
927 176 991 197 loquitur

224 201 297 217 decorata
306 206 310 221 ;
325 201 383 217 deinde
397 201 438 217 bene
453 201 566 219 conversando,
582 200 598 216 in

224 226 303 246 spirituali
314 226 433 247 pulchritudine
445 225 527 246 sapientise
539 230 557 241 ac
567 225 598 240 vir-

224 252 277 267 tutum
288 251 351 272 copiose
361 250 433 271 proiecit.
442 250 482 266 Hine
491 250 511 266 ad
521 249 598 271 Ephesios

225 276 247 291 ait
254 276 338 296 Apostolus
347 280 351 291 z
359 275 431 291 Christus
441 275 497 291 dilexit
504 275 597 293 Ecclesiam,

225 302 241 316 et
253 300 317 316 tradidit
328 300 432 321 semetipsum
445 304 474 321 pro
488 305 512 318 ea,
525 301 543 315 ut
555 299 598 315 illam

225 325 337 343 sanctificaret,
345 325 424 341 mundans
432 325 475 340 illam
484 325 546 340 lavacro
553 329 598 345 aquae

225 349 241 365 in
250 349 298 365 verbo
306 350 348 368 vitm,
357 351 375 365 ut
382 349 465 365 exhiberet
472 349 503 365 sibi
513 349 597 369 gloriosam

225 374 318 392 Ecclesiam,
326 378 358 389 non
366 374 451 389 habentem
460 373 538 389 maculam
546 378 597 394 neque

225 403 285 419 rugam.
294 398 329 414 Haec
337 403 374 419 ergo
383 398 453 414 Ecclesia
461 398 562 418 significatur
569 402 598 418 per

225 423 309 439 mulierem
318 423 401 443 gentilem,
411 425 465 439 tamen
475 427 573 441 conversam,
582 425 598 438 ct

224 448 304 464 Christum
315 447 417 463 devotissime
428 447 532 463 invocantem⁴
542 447 597 465 Quem-

625 200 657 216 Deo
663 205 667 216 :
674 200 728 216 Clamo
735 200 754 216 ad
762 202 782 219 te,
788 202 804 216 et
812 205 843 216 nun
851 201 917 216 exaudis
925 205 957 220 me;
964 203 1042 219 §tonsu-a

625 227 641 240 et
651 229 682 241 non
693 225 759 246 respicis
771 230 807 245 me;
818 228 888 241 mutatus
900 230 917 241 es
929 226 966 241 mihi
977 226 991 241 in
997 222 1010 232 ²¹·

625 249 713 268 crudelem,
721 252 737 266 et
747 250 763 266 in
773 250 832 266 duritia
840 255 897 266 manus
905 252 935 266 tum
942 250 992 266 adver·

625 274 665 290 saris
675 275 720 290 mihi.
729 275 755 290 Sic
764 277 780 291 et
790 275 863 291 Hahacue
874 275 896 291 ait
907 275 991 296 propheta:

625 299 715 320 Usquequo‚
724 299 795 318 Domine,
804 299 881 318 clamabo,
889 302 906 315 et
913 304 944 316 non
950 305 993 316 exau·
999 304 1042 315 anam:

624 323 670 339 diesi
677 324 777 340 vociferabor
786 324 819 340 vim
829 324 897 345 patiens,
905 326 921 340 et
928 329 958 340 non
965 325 992 340 sal-

624 347 681 364 vabis?
690 348 731 364 Dum
740 353 777 369 ergo
787 349 828 364 Deus
838 349 857 364 ad
868 349 938 364 animam
948 349 969 364 ita
978 354 992 364 se

624 372 678 391 habet,
682 373 735 388 anima
744 372 777 393 ipsa
785 373 863 393 patienter
870 378 888 389 se
895 373 942 389 dehet
949 373 993 389 liabe-

625 401 647 415 re,
655 397 792 418 immobiliterque
802 397 818 413 in
829 397 893 413 infinita
901 398 928 413 Dei
939 398 993 418 pietatc

625 421 744 440 cousidere,nec
751 422 772 437 ab
779 422 814 442 ejus
822 422 923 438 invocatione
930 427 993 440 cessare.

625 446 657 462 imo
672 446 757 462 instantius
768 449 816 467 atque
830 447 912 463 ardentius
926 452 992 464 exorare.

224 472 310 488 admodum
319 472 363 488 enim
376 472 434 487 mulier
445 472 471 487 illa
481 472 561 487 Christum
570 471 597 487 ob-
606 470 618 486 B
625 472 668 486 certa
675 471 718 491 quod
726 471 809 487 verissime
816 471 894 492 scriptum
903 471 933 487 sit:
940 472 993 487 Nullus
1007 476 1029 487 sno
1037 480 1044 488 κ

224 497 261 512 nixe
269 497 329 517 rogavit
337 501 366 517 pro
373 497 454 512 curatione
463 496 502 512 filim
511 501 544 512 sus
551 501 560 512 a
568 496 598 512 die-

225 526 277 539 mone,
290 521 311 537 ita
322 521 393 537 Ecclesia
405 521 513 537 indesinenter
523 523 558 536 orat
568 525 597 541 pro

224 546 308 562 animabus
323 546 428 564 credentium,
442 547 459 561 ut
473 550 482 561 a
497 545 596 564 vulneribus,

225 571 241 586 id
252 573 276 586 est
288 570 363 591 peccatis,
372 570 430 591 quihus
440 570 544 591 spiritualiter
556 570 597 586 occi-

225 595 284 610 duntur
293 599 302 610 a
311 594 385 615 malignis
395 594 483 615 spiritibus,
492 599 520 615 per
530 594 597 614 gratiam

225 619 283 635 Christi
291 621 367 635 curentur
374 623 393 634 ac
400 620 521 639 praeserventur.
526 618 597 639 Apostoli

225 648 289 664 quoque
298 646 314 659 et
324 643 383 662 Sancti,
391 647 478 664 omnesque
489 643 532 659 cives
543 643 598 659 trium-

225 668 289 689 phantis
301 668 381 686 Ecclesiae,
395 672 423 688 pro
438 667 513 683 militanti
527 668 598 683 Ecclesia

225 693 299 709 invocant
310 693 365 708 Deum.

244 717 320 733 Praeterea
330 722 359 738 per
370 717 453 733 mulierem
466 717 518 735 istam,
530 717 597 737 intelligi

225 744 277 763 potest
287 746 385 762 unaquaeque
395 742 449 757 anima
458 741 511 757 ridelis
521 743 557 762 post
566 746 598 757 ma-

625 496 695 516 speravit
705 496 721 511 iu
734 495 806 514 Domino,
819 498 835 511 et
847 496 923 512 confusus
935 498 968 516 est;
979 493 1025 512 el¹¹·'³

625 520 661 541 quis
676 520 756 536 invocavit
768 520 819 539 illum,
832 522 849 536 et
862 521 935 541 despexit
948 522 993 537 eumi

625 545 666 560 Deus
675 549 743 565 namque
751 545 844 561 naturaliter
851 545 903 561 honus
910 547 926 561 et
933 545 993 566 pius,ac

625 569 740 585 invariabiliter
748 569 764 585 in
771 574 788 585 se
795 569 830 590 ipso
837 570 889 585 dulcis
898 572 913 585 et
920 570 994 590 gratiosus

625 594 717 614 [requenter
730 594 751 609 ita
763 599 780 610 se
792 594 840 610 habet
851 594 872 610 ad
883 595 958 613 animam,
968 599 994 615 pm

625 618 682 639 majori
690 618 741 639 ipsius
751 619 807 637 salute,
815 621 833 634 ut
842 619 904 635 scilicet
913 619 940 635 diu
950 621 966 635 et
975 619 994 635 iu-

625 645 685 659 stanter
697 643 771 663 petendo,
782 648 811 659 nec
822 648 832 659 a
844 643 872 659 Dei
884 643 944 659 fiducia
955 649 994 659 rece-

625 668 682 686 dendo,
691 668 718 683 sed
729 668 840 688 longanimiter
849 668 948 687 sustinendo,
956 669 995 689 cupi-

625 692 669 708 osius
676 692 770 708 exaudiatur
779 692 799 708 ab
809 697 833 708 eo.
842 692 878 708 ideo
886 697 923 708 cum
931 693 994 708 muliere

625 717 655 732 hac
665 716 753 732 Chananaea
762 717 833 737 procidat
842 721 896 733 coram
906 717 943 736 Deo,
951 720 966 733 et
974 717 994 733 di·

626 743 651 757 cat
659 746 662 757 :
671 741 743 760 Domine,
751 741 809 762 adjuva
819 746 849 757 me.
858 742 902 760 Quod
912 742 925 757 si
935 747 964 758 nec
974 742 994 757 sic
1003 745 1040 756 mn:

225 771 256 787 gua
269 768 333 787 peecata
345 771 382 781 vere
394 770 475 784 conversa,
488 770 523 786 quae
535 766 598 781 invocat
607 765 618 782 C
625 766 667 782 Deus
674 766 763 781 exaudierit
772 771 812 785 eam,
821 766 848 782 sed
858 767 903 787 quasi
914 767 966 788 reipsa
975 767 994 782 di-
1000 762 1013 772 ‘³‘

225 791 305 807 Christum
316 795 345 811 pro
354 791 435 806 curatione
445 790 489 809 filim,
497 790 512 806 id
523 792 547 806 est
554 795 598 806 men-

225 815 246 831 tis
256 820 284 831 seu
295 815 396 831 conscientias
406 820 443 833 suaa,
451 820 461 831 a
470 815 553 831 daemoniis
564 815 598 831 dire

225 842 285 856 vexata!
300 840 334 856 sive
348 842 416 856 tentatae.
432 840 472 855 Dum
487 840 530 855 enirn
545 840 598 855 anima

226 865 306 886 peccatrix
322 864 412 880 cordialiter
428 864 500 885 poenitet,
515 866 562 885 atque
578 864 598 880 ad

226 890 276 905 Deum
289 889 326 905 totis
339 889 430 910 praecordiis
443 893 459 904 se
473 889 556 907 convertit,
569 889 598 904 hu-

207 925 213 932 .
226 919 276 930 manaa
288 914 344 929 salutis
356 913 431 929 inimicus
446 913 518 929 diabolus
530 913 598 929 crudeli-

226 941 250 955 ter
259 943 294 954 eam
304 938 337 954 suis
346 938 448 954 tentamentis
458 938 527 957 infestat,
538 938 554 954 iu
565 940 598 954 tan-

225 965 260 979 tum
270 965 287 978 ut
297 967 411 983 nonnunquam
421 962 440 978 de
451 962 566 983 desperatione,
575 963 598 978 in-

225 987 303 1003 fidelitate
314 989 341 1003 aut
352 987 451 1008 blasphemia
461 992 496 1002 eam
506 989 568 1003 tentet:
579 987 598 1003 de

226 1011 285 1032 quibus
302 1011 359 1027 tentari
376 1011 507 1027 molestissimum
522 1013 551 1027 est.
568 1012 598 1027 Sed

225 1039 264 1052 tunc
272 1036 337 1052 unicum
345 1035 598 1057 remedium,saluherrimumque

625 793 655 808 cat.
664 791 698 806 Nou
709 792 734 806 est
744 790 804 806 bonum
815 796 878 807 sumere
889 796 946 812 panem
957 791 994 807 lilio-
1005 794 1024 805 M
1031 794 1037 804 ⁵

626 820 661 831 rum
669 817 685 831 et
692 815 755 831 mittere
763 815 835 834 canibus,
841 816 870 831 hoc
878 818 908 834 est,
913 820 945 832 non
953 816 994 832 decet

626 845 651 855 me
662 840 691 855 tihi
702 840 754 855 adhuc
765 840 781 855 in
791 840 851 856 mundo
859 840 966 861 peregrinanti
975 843 994 856 at-

625 869 656 885 que
667 864 737 885 quotidie
748 864 826 885 peccanti,
836 865 873 880 dare
883 865 995 881 consolationes

625 889 703 907 coelestes,
711 889 802 909 spirituales
810 889 878 907 divitias,
887 889 953 910 gratiam
962 894 994 905 conv

626 913 732 934 templationis
740 918 818 934 supernae,
823 914 955 934 tranquillitatem
963 918 995 929 con-

626 938 696 954 scientiae
706 940 787 956 serenatae,
796 938 854 958 quibus
864 938 901 956 filii,
910 938 925 954 id
935 940 959 954 est
968 938 995 954 viri

626 962 698 983 perfecti,
708 962 796 983 praesertim
806 963 849 978 cives
860 963 930 979 coelestis
939 963 995 979 Serus&

626 987 663 1005 lem,
674 986 769 1002 reficiuntur
778 987 819 1007 (hfflc
831 992 901 1008 uanique
912 987 995 1008 gratiarum

626 1011 726 1030 charismata,
734 1011 790 1027 animm
801 1011 816 1027 in
826 1011 956 1028 tribulationibus
963 1016 995 1027 coa-

626 1036 685 1052 stitutae
692 1041 710 1052 ac
718 1036 801 1057 cupientes
809 1036 893 1057 proficere,
900 1036 951 1052 solent
959 1036 995 1052 mul>

226 1061 317 1080 consilium,
327 1065 345 1077 ac
357 1065 439 1077 surnmum
450 1061 524 1076 solatium
535 1061 598 1079 animm,
606 1062 618 1078 D
626 1063 660 1076 tum
670 1061 742 1081 optarc);
751 1063 789 1076 tunc
798 1061 852 1076 anima
863 1061 930 1077 humilis
942 1066 961 1077 ac
971 1061 994 1077 de*

226 1088 251 1102 est
258 1086 277 1102 ad
288 1086 338 1101 Deum
348 1085 438 1106 confugere,
447 1085 482 1106 ejus
493 1085 598 1101 misericordi-

227 1116 253 1127 am
266 1110 356 1131 implorare,
371 1115 408 1126 euru
425 1110 515 1131 importune
531 1110 599 1126 incesso>

227 1135 312 1156 hiliterque
327 1139 387 1155 rogare,
400 1137 418 1150 ut
429 1134 494 1150 afflictas
509 1135 558 1150 menti
571 1139 598 1150 seu

227 1160 328 1176 conscientiae
338 1161 396 1175 nostras
407 1161 494 1178 succurrat,
504 1159 599 1175 tentationes

227 1185 272 1201 tollat
283 1186 310 1200 aut
323 1184 385 1204 mitiget
397 1185 445 1204 atque
456 1183 525 1199 deficere
538 1184 598 1199 saciat:

226 1210 259 1225 imo
270 1209 312 1225 istud
324 1209 340 1224 in
351 1208 395 1224 urnni
408 1208 494 1224 tentatione
506 1208 559 1227 facere
571 1213 599 1224 nos

225 1236 292 1255 oportet.

246 1259 298 1277 Porro,
307 1258 345 1273 dum
353 1257 407 1273 anima
416 1257 503 1273 affectuosa
513 1257 566 1273 taliter
576 1257 599 1273 in-

225 1286 271 1300 vocat
285 1283 372 1301 Christum,
385 1282 419 1303 ipse
432 1282 511 1298 interdum
524 1284 565 1298 tacet
579 1282 598 1298 ad

226 1311 295 1329 tempus,
308 1312 339 1324 non
352 1307 456 1325 exaudiendo,
469 1312 498 1323 nec
511 1307 599 1328 quidquam

225 1333 321 1355 respondere
329 1332 397 1351 videtur,
403 1333 418 1347 et
426 1332 471 1353 quasi
478 1334 541 1348 austere
548 1336 565 1347 se
573 1331 599 1347 ha—

626 1087 662 1101 vota
674 1085 768 1106 respondeat
780 1085 812 1101 Deo
825 1090 829 1101 t
844 1085 906 1106 Utique,
919 1086 994 1104 Domine:
1005 1089 1035 1102 me

626 1115 663 1125 nam
671 1112 687 1125 et
695 1109 746 1125 catelli
755 1110 804 1125 edunt
814 1110 833 1125 de
844 1110 891 1126 micis
898 1115 934 1131 qum
941 1110 995 1126 cadunt
1046 1107 1047 1111 ¹

626 1134 645 1150 de
658 1139 713 1150 mensa
722 1134 824 1150 dominorum
836 1139 901 1150 suorum
913 1139 916 1150 :
927 1135 958 1151 hoc
969 1137 995 1151 est,

626 1159 699 1179 quamvis
713 1164 732 1174 ex
748 1163 773 1174 me
788 1159 822 1179 ipsa
837 1164 868 1175 non
883 1164 946 1175 merear
959 1160 996 1175 dona
1045 1166 1046 1180 χ

626 1183 665 1201 haze.
674 1183 707 1199 imo
715 1183 779 1203 indigua
787 1188 828 1202 sum,
837 1186 852 1199 te
861 1186 915 1200 tamen
925 1184 946 1200 ob
957 1186 995 1199 tuam
1045 1182 1046 1195 l

626 1208 719 1226 honitatem,
728 1208 852 1224 misericordiam
865 1208 995 1224 munificentiam·

626 1237 657 1253 que
673 1233 769 1248 immensam
785 1232 830 1248 decet
845 1233 885 1248 mihi
899 1232 995 1254 pauperculn

626 1257 686 1278 aliquid
694 1257 786 1273 desiderata
793 1257 847 1277 gratim
855 1258 995 1275 communicare-,el

626 1282 707 1298 modicum
723 1282 762 1303 quid
780 1281 901 1298 illuminationis
918 1282 995 1303 sapientie

626 1309 657 1323 tuae
668 1307 770 1328 caritatisque
781 1306 846 1323 iervidae
857 1312 875 1322 ac
887 1307 995 1323 consolationis

627 1331 716 1351 infundere,
730 1334 747 1347 ut
759 1336 768 1347 a
780 1331 886 1347 tentationum
898 1334 914 1348 et
926 1332 995 1348 afflictio
