1079 1569
156 132 231 144 ΜΙΙΠΙΕΑ
241 132 257 143 Vl
267 132 304 144 Pon·
314 131 417 143 lumnam
427 130 492 143 misr!
502 135 522 139 -·
532 130 554 143 ΔΙ)
564 131 661 147 nummum?
672 131 722 143 flmo
732 131 796 145 numus

832 125 862 142 277

26 179 54 190 mx.
57 182 80 193 mg
87 174 200 191 Ivlcelesiastioo
212 175 273 196 scripti,
282 174 371 195 Unicuique
382 174 463 189 mandavit
471 174 483 190 Α
490 174 537 190 oculo
549 174 653 195 contemplari
665 178 669 190 ε
681 174 722 195 qnod
735 174 826 190 nullatenus
837 173 864 189 do·

29 376 47 387 ru.
52 380 58 388 ι.
63 377 77 387 ιι

26 697 65 708 Μαι,
69 701 79 710 ν,

24 943 26 953 ι
31 943 54 954 son
58 947 71 954 vn

24 1066 64 1092 ΞιιιιιᾸ.

87 200 131 215 Deus
136 200 156 215 de
163 200 236 221 proximo
242 204 277 219 suo;
283 200 350 215 Sanctus
356 199 383 215 ille
389 201 421 214 tem
428 203 463 214 con-

87 224 172 240 venienter
181 224 268 245 respondit,
277 226 293 240 et
302 224 369 240 verbum
380 223 420 239 illud
429 225 462 239 tam

86 248 171 264 evidenter
177 249 257 270 exposuit,
265 251 282 264 ιιι
289 249 345 264 doctor
352 248 379 264 ille
387 248 435 264 fuerit
442 252 462 263 ex

86 273 117 289 hoc
124 273 169 289 valde
176 273 370 293 attonitusiPorroAniqui
378 274 462 293 quantum-

85 302 157 319 cumque
164 298 248 314 videnntur
256 298 326 316 liuenti,
334 302 366 313 non
374 297 405 313 nisi
414 297 462 313 infor-

86 327 131 338 mem
139 325 155 338 et
162 323 227 341 nudam,
233 327 265 338 non
273 322 370 340 affectivam,
378 322 461 337 formatam

85 352 105 363 ac
114 352 206 368 saporosum
214 347 300 368 Scriptura
308 346 368 362 babent
375 346 448 362 notitiam
457 350 460 361 ε

85 372 106 388 de
116 372 176 393 quibus
185 372 256 387 affirmat
263 371 353 392 Apostolus,
361 371 462 387 Confitentur

85 402 103 413 se
114 401 161 413 nosse
172 397 228 415 Deum,
239 397 285 412 tactis
295 399 348 412 autem
359 398 422 416 negant.

106 422 174 442 Insuper
183 426 231 442 quam
240 426 295 437 verum
306 421 327 436 sit
336 421 385 439 istud,
393 420 460 436 clarissi-

85 451 112 462 me
122 446 208 462 innotescit
217 446 233 462 in
243 446 275 462 illis
284 446 381 461 beatissimis
389 445 460 461 eremitis

490 199 542 215 ctrina.
551 199 621 215 bumana
630 201 657 215 sut
665 199 745 215 saecularis
754 198 828 217 eruditio,
836 198 864 214 sed

490 223 523 239 sola
538 224 598 244 puritas
613 224 672 240 mentis
686 228 715 245 per
730 223 864 239 illuminationem

490 248 559 269 Spiritus
570 248 623 264 Sancti
633 248 735 269 adipiscetur.

509 272 595 291 Postremo,
608 275 625 289 ut
636 273 656 289 ad
670 273 761 289 divinorum
776 272 863 288 theoricam

489 297 645 318 contemplationem,
660 298 679 313 ad
695 297 766 318 mysticas
781 297 863 318 sapientius

488 324 553 342 gustum
566 322 647 338 vale-mus
661 322 757 343 pertingere,
770 322 863 337 studeamus

489 348 507 362 ut
515 346 605 362 intellectus
613 349 667 362 noster
674 348 743 362 transeat
751 347 767 362 in
776 346 862 366 affectum3

489 373 505 387 ει
517 371 586 392 proprite
597 371 669 389 vilitatis,
679 371 771 392 fragilitatis
782 373 799 387 et
809 371 863 391 culpa-

478 397 480 399 ’
489 396 555 412 hilitatis
564 396 624 416 jugiter
634 400 713 412 memores
722 396 778 414 simus,
786 398 834 416 atque
843 396 863 411 ad

488 420 549 436 fontem
562 421 649 441 sapientie,
660 420 730 436 Verbum
742 420 770 436 Dei
783 420 799 436 in
811 420 863 436 excel>

488 445 515 464 sis,
522 445 613 466 frequenter
620 450 638 461 ac
646 445 706 461 fervide
714 445 819 466 suspiremus,
825 450 862 461 eum

84 476 103 487 ac
113 471 213 487 anachoretis
223 475 291 491 quorum
302 470 394 486 collationes
402 470 461 486 Cassia-
469 469 481 485 Β
488 470 565 490 Propheta
572 470 705 486 affectuosissime
712 470 816 490 deprecantes
825 474 828 486 :
837 469 862 485 Fa·
875 474 935 488 mum,

84 500 115 512 nus
126 495 207 511 describit.
219 496 288 514 Quorum
299 499 348 516 quam
360 494 461 515 pmclarissi-

84 525 111 536 ma
124 520 173 536 fuerit
182 520 261 541 sapientia
273 520 289 535 in
300 519 365 538 divinis,
376 524 395 535 ex
405 523 460 535 eorum

84 547 129 566 patet
136 544 301 561 collationibus.Unde
308 546 324 560 et
331 543 380 559 abbas
387 543 460 560 Nesteros

84 570 105 585 de
116 570 146 585 hac
156 569 191 590 ipsa
201 569 241 585 dixit
252 569 318 584 materie
326 573 330 584 z
339 568 355 584 Si
366 568 412 584 vobis
423 573 461 584 our·

84 596 110 610 est
123 594 143 610 ad
157 594 257 615 spiritualem
271 593 355 609 scientiam
370 593 460 614 pervenire.

85 623 118 635 non
127 619 179 634 inanis
187 618 268 639 jactantie
275 618 320 636 vitio,
329 618 356 633 sed
364 617 461 633 emendatio-

86 644 112 659 nis
125 643 184 659 virtute
195 648 214 659 ao
227 643 289 661 morito,
302 643 345 658 illius
358 642 461 658 beatitudinis

86 668 167 684 desiderio
174 667 245 688 primum
252 667 368 685 accendamini,
374 667 393 683 de
401 672 433 688 qua
439 667 462 683 ait

87 693 164 711 Salvator,
180 692 224 708 Beati
241 692 301 708 mundo
317 692 370 710 eorde,
385 692 461 712 quonium

87 717 119 738 ipsi
129 717 179 733 Deum
190 716 276 736 videbunt;
286 718 304 732 ut
314 716 338 732 sio
348 716 367 732 ad
379 716 462 732 beatitudi-

86 746 126 757 nem
133 741 227 757 mereamini
234 741 324 762 pervenire,
331 741 351 756 de
358 746 390 761 qun
396 740 462 761 angelus

86 791 149 811 gebunt
158 790 200 806 sicut
209 790 285 811 splendor
294 790 401 810 firmamenti;
409 792 425 805 ot
434 790 462 810 qui

86 815 106 831 ad
120 815 199 836 justiti-m
213 815 289 831 erudiunt
302 814 366 833 multos,
379 814 463 835 fulgebunt

87 843 105 856 nt
113 840 164 856 stelle
172 840 189 855 iu
198 841 283 860 perpetuas
293 839 394 855 aetemitates.
403 839 463 855 Deinde

87 864 197 881 festinandum
205 866 230 880 est
237 864 273 883 tibi,
280 864 294 880 si
302 864 322 880 ad
331 864 414 880 scientiam
422 864 462 880 Seri-

87 892 172 911 pturarum
182 889 207 905 vis
218 889 307 909 pervenire,
315 890 333 904 ut
342 889 388 909 prius
398 888 463 904 bumili-

86 916 138 930 tatem
145 914 197 929 cordis
205 913 307 934 consequaris
316 913 422 931 immobilem,
428 918 463 934 qum

73 947 80 956 ι.
87 941 104 955 te
111 943 144 955 non
154 938 173 954 sd
183 938 227 954 illam
238 938 321 954 scientiam
332 943 367 958 quae
376 938 427 956 inflat,
435 938 463 953 sed

87 964 108 980 ad
117 963 161 979 illam
169 968 204 984 quae
212 962 308 981 inflammat,
313 963 383 978 caritatis
391 967 464 978 consum-

88 989 159 1005 matione
167 988 248 1009 perducet⁴
255 987 355 1008 impossibile
362 989 387 1003 est
394 992 463 1008 namque

88 1015 160 1029 mentem
175 1012 275 1028 immundam
291 1012 379 1033 spiritualis
393 1012 463 1028 scientiae

88 1038 150 1054 donum
159 1037 247 1058 acquirere.
256 1037 297 1053 Cave
306 1037 355 1053 etium
364 1042 385 1053 ne
394 1039 431 1053 ente
438 1042 463 1052 so-

88 1087 118 1108 qui
129 1092 179 1103 unum
192 1086 284 1102 mundatum
295 1086 380 1102 minimum
392 1087 462 1105 solverit,

88 1114 105 1128 et
114 1111 137 1127 sic
147 1111 220 1127 docuerit
229 1111 307 1129 homines,
316 1111 393 1127 minimus
401 1111 463 1127 vocabi-

88 1139 116 1153 tur
126 1136 142 1152 in
154 1140 202 1157 regno
212 1136 298 1156 coelorum3
306 1140 405 1157 consequens
413 1138 437 1152 est
446 1138 464 1152 ut

87 1161 117 1182 qui
133 1160 183 1177 mults
195 1162 212 1176 et
224 1160 284 1181 majora
297 1160 360 1176 solvens
372 1165 400 1176 seu
415 1160 464 1181 negli-

87 1191 134 1207 gens,
144 1186 167 1201 sic
178 1185 250 1201 docuerit
260 1185 338 1204 homines,
349 1190 380 1201 non
390 1185 424 1206 jem
435 1186 464 1201 mi-

88 1211 143 1226 nimus
153 1210 169 1226 in
179 1214 228 1230 regno
237 1210 319 1228 ctelorum,
327 1210 354 1226 sed
363 1210 380 1226 in
388 1210 464 1230 gehemae

88 1235 169 1256 supplicio
179 1234 258 1250 maximus
267 1234 347 1250 habeatur.
356 1235 403 1251 Aliud
411 1237 435 1251 est
442 1234 464 1251 fn<

88 1259 165 1275 cultatem
176 1261 193 1275 et
203 1261 303 1275 venustatem
315 1259 392 1275 sermonis
404 1264 423 1275 ac
433 1259 465 1275 dis-

90 1284 178 1305 putationis
185 1283 298 1302 hnbere‚aliud
305 1289 353 1299 venas
361 1289 379 1300 ac
388 1284 465 1300 medullas

89 1308 181 1324 coelestium
191 1308 250 1324 intrare
259 1313 278 1324 ac
288 1310 370 1329 penetrare
379 1308 465 1327 dictorum,

90 1335 139 1354 atque
148 1332 226 1354 profunda
233 1334 332 1349 sacramenta
339 1335 406 1353 purgato
413 1333 465 1349 cordis

488 495 529 510 ciem
539 497 583 510 tuam
594 494 667 510 illumina
677 499 726 515 super
735 499 799 510 servum
809 496 861 513 tuum,
870 491 893 502 ¹¹⁵·

488 521 504 535 et
511 519 550 535 doce
559 524 584 535 me
590 519 713 539 justificationes
721 521 761 535 tuns.
767 519 817 535 Omne
825 523 862 539 quo-

488 549 519 565 que
526 543 626 560 obstaculum
634 544 676 560 inter
683 544 777 565 sapientiam
784 544 862 560 Creatoris

488 570 504 584 et
515 568 577 584 animas
589 570 651 584 nostras
664 569 705 584 male
718 568 795 587 medians,
807 573 826 584 ac
838 573 862 584 sa-

488 593 553 614 pieutiae
563 593 643 609 infiuxum
656 593 751 614 impediens,
762 593 825 614 penitus
837 593 862 609 fu-

488 618 555 639 giemus.
571 618 590 633 Et
604 618 664 634 seimus
678 618 721 639 quod
736 618 753 634 in
768 618 862 634 malevolam
869 624 935 638 sap-,ns

488 642 558 658 animam
567 647 599 658 non
608 642 680 658 introibit
688 642 771 663 sapientia,
779 642 821 663 quod
829 642 863 663 Spi-

489 667 529 683 ritus
536 667 603 683 Sanctus
611 667 700 688 disciplinas
707 667 774 688 effugiet
782 667 864 686 fictum,et

489 692 551 707 auferet
560 697 577 707 se
585 697 595 707 a
604 692 727 712 cogitationibus
737 696 772 712 qum
782 694 819 708 sunt
829 692 863 707 sine

490 716 580 736 intellectu;
591 716 633 737 quod
646 721 677 732 non
688 716 720 732 nisi
732 721 780 737 super
790 716 863 737 quietum
871 721 937 736 cumn.

489 743 505 757 et
517 741 595 757 humilem
610 741 699 761 requiescet
710 741 776 761 spiritus
791 741 854 757 Domini
858 745 863 761 ;
871 738 888 748 ¹¹·

55 775 65 784 ιι.
75 779 78 782 ⁴
87 766 151 782 loeutus
158 767 182 781 est
189 765 251 781 Danieli
259 770 263 781 1
271 765 300 784 Qui
308 765 351 781 docti
358 765 424 783 fuerint,
431 765 462 780 ful·
471 766 482 782 C
489 765 531 786 quod
543 765 615 781 omnium
626 765 732 786 superborum
743 767 759 781 et
769 766 863 781 sublimium
870 770 937 784 numm„

490 790 531 806 colla
543 790 608 811 propria
619 790 678 806 virtute
690 790 741 806 calcat
750 790 831 811 Sapientia
841 791 864 806 in·
871 787 889 798 Ἰ·

490 817 550 835 creata3
560 815 603 836 quod
612 819 643 830 non
652 815 683 830 nisi
691 815 710 830 ad
718 815 840 836 pauperculum,
848 817 864 831 et
876 819 937 833 rauna.

490 839 577 855 contritum
585 839 648 860 spiritu,
656 841 672 855 et
679 841 774 855 trementem
782 844 864 856 sermones

490 869 527 880 suos
537 864 602 885 respicit
609 864 686 880 Dominus
691 868 694 879 ι
699 864 728 885 qui
735 864 783 880 etiarn
791 864 812 880 sb
819 869 863 880 exor-

490 889 517 904 dio
526 888 622 909 evangelico,
633 888 677 909 legis,
686 893 715 909 per
725 889 787 907 idiotas,
795 889 864 905 humiles

490 918 508 929 ec
519 913 607 934 simplices,
617 913 661 929 omni
672 913 750 934 sapientia
761 913 814 929 infusa
826 913 865 929 libe-

490 937 569 953 ralissime
581 938 660 958 praeditos,
673 940 724 954 totum
740 938 771 954 sibi
786 938 864 954 mundum

491 962 565 983 subjecit,
574 962 655 983 principes
664 965 681 978 et
690 963 793 984 philosophos
803 963 865 978 christi>

490 992 525 1003 anm
533 987 573 1003 fidei
583 987 679 1007 subjugavit.
688 987 733 1003 Unde
741 987 829 1003 secundum
837 987 865 1003 Ba·

490 1012 545 1028 silium
554 1012 570 1027 in
577 1011 636 1032 Regula
644 1016 677 1030 sua,
686 1011 728 1027 istud
736 1012 777 1027 inter
785 1012 865 1033 pmcipun

491 1037 518 1052 Dei
526 1038 551 1052 est
560 1036 639 1052 beneficia
648 1036 779 1057 computandum,
787 1036 829 1057 quod
838 1041 864 1052 su-

69 1071 81 1080 v.
88 1065 125 1078 tum
138 1062 212 1083 prosilias
221 1061 240 1077 sd
250 1062 345 1077 docendum.
355 1062 371 1077 Si
381 1062 424 1077 enim
436 1061 463 1077 ille
471 1062 516 1078 Dam
531 1061 577 1077 nobis
592 1061 635 1077 dedit
649 1061 738 1079 scientiam,
754 1063 769 1077 et
783 1061 864 1082 sapienties

490 1092 523 1102 suaa
534 1091 563 1102 nos
574 1086 612 1102 fecit
623 1086 713 1107 participes.
722 1087 751 1105 Oui
761 1088 814 1102 autem
825 1086 847 1102 ita
855 1091 865 1102 a

491 1112 523 1127 Deo
535 1111 601 1127 edoctus
613 1112 642 1129 est,
655 1111 750 1132 sapientiam
764 1116 810 1127 auam
824 1116 864 1127 nuu-

491 1141 539 1157 quam
551 1140 591 1151 vene
603 1137 677 1154 ostentet,
687 1140 717 1151 nec
730 1135 805 1151 fratribus
817 1136 864 1151 collo-

491 1166 542 1182 quens
552 1160 654 1176 contentiosm
663 1160 767 1181 disputationi
777 1160 864 1181 deserviet3

491 1190 523 1202 non
531 1185 589 1201 clamet
596 1190 626 1201 nee
635 1185 744 1203 conturbetur,
753 1185 780 1201 sed
790 1185 865 1206 pudicam

491 1212 507 1226 ει
514 1210 599 1231 pacificam
607 1215 651 1226 sunm
658 1214 693 1226 esse
700 1210 794 1230 sapientiam
802 1210 864 1231 pandat.

491 1235 531 1250 Hinc
545 1234 683 1255 quidemPatmm
694 1234 769 1250 disseruit
779 1239 783 1250 :
793 1235 816 1251 Ne
828 1239 865 1251 con—
878 1253 880 1255 q

491 1260 547 1275 tendes
555 1264 591 1275 curn
600 1259 652 1275 fratre.
659 1259 688 1275 Sed
697 1259 710 1275 si
718 1259 745 1275 ille
754 1259 794 1275 bene
801 1259 865 1278 dixerit,

492 1284 585 1305 acquiesce3
595 1284 609 1300 si
617 1284 664 1302 male,
672 1284 721 1300 semel
730 1288 814 1300 commone
821 1289 864 1300 eum.

492 1309 508 1325 Si
520 1313 551 1324 nou
562 1308 655 1329 acquiescit,
663 1309 689 1324 dic
698 1309 714 1324 ei
722 1313 726 1324 z
734 1309 757 1324 Τιι
767 1308 830 1324 videi-is⁴
839 1309 865 1325 Sic

493 1333 536 1349 enirn
548 1333 564 1349 in
575 1333 690 1354 tranquillitate
701 1333 806 1349 manebimus.
