1079 1569
232 120 263 136 1590

362 124 437 136 notatum
448 125 458 136 tt
469 124 506 136 2⁰31·
516 123 581 135 Pascua.
591 127 612 131 —
622 124 644 135 an
654 124 751 139 uttatoso53
762 124 811 136 amo
822 124 878 136 sanus

232 168 318 183 nutrimur.
327 167 343 183 Si
351 167 394 183 enim
402 167 421 183 de
429 166 540 183 sacramentali
548 166 607 187 pabulo
614 166 627 182 A
634 171 682 186 quam
697 166 748 182 dulcis
762 167 783 182 sit
796 167 878 184 Dominus,
890 171 938 187 quarn
951 171 999 187 magna

232 197 285 208 sermo
296 192 322 211 sit,
330 196 383 208 nonne
394 197 435 213 pane
447 191 474 207 illo
486 190 607 212 supersubstan-

231 217 271 236 tiali,
280 221 312 238 quo
322 216 407 232 saeculares
418 216 467 232 semol
478 216 544 232 aluntur
554 215 570 230 in
580 219 608 230 an-

232 246 258 260 uo,
267 246 296 257 nos
306 241 378 262 qualibet
389 241 472 257 reficimur
481 240 519 256 diei
526 240 542 256 Si
553 241 607 255 autem

232 266 252 282 de
260 271 300 287 pane
308 265 352 281 verbi
361 265 430 281 coelestis
438 267 498 286 agatur,
507 263 560 280 nonn'e
567 264 607 279 divi-

232 291 257 306 nis
265 290 351 311 Scripturis
359 292 375 305 et
382 290 435 306 verbis
443 289 541 307 coeleetihus,
548 288 607 309 quibus

232 316 315 331 seaculares
323 315 371 330 certis
379 315 422 330 horis
433 315 449 330 in
457 314 483 330 die
492 314 573 330 dominica
580 315 607 329 aut

233 340 248 356 in
259 340 299 356 resto
309 339 400 360 aliqualiter
407 339 505 357 nutriuntur,
514 343 542 354 nos
552 338 578 354 die
589 342 607 353 ac

232 366 278 380 nocte
290 365 307 380 in
319 364 416 380 abnndantia
429 368 486 384 magna
498 363 578 379 nutrimur
591 362 607 378 in

232 389 277 408 cella,
287 389 302 405 in
311 389 365 408 choro,
374 389 390 405 in
398 388 477 407 coenobio,
486 388 502 404 in
509 388 586 409 capitulo,
592 389 608 403 et

232 416 295 430 sanctos
305 414 354 430 libros
365 414 442 429 habemus
452 413 471 429 ad
482 417 547 429 manum
558 413 574 428 in
583 417 608 428 co-

233 439 264 459 pia,
273 441 288 454 et
296 439 311 454 in
322 438 382 454 divinis
390 438 476 459 Scripturis
485 443 541 454 sumus
550 438 608 453 instru-

634 193 650 206 et
662 191 726 206 infinita
736 191 757 206 sit
769 191 854 206 multitudo
865 191 954 206 dulcedinis
965 191 998 211 ejus,

634 220 682 236 quarn
693 215 808 231 inaestimabilis
819 215 839 231 sit
849 215 905 236 pietas,
914 215 980 236 dignatio
987 218 999 231 et

635 239 746 256 munificentia
758 240 786 256 Dei
799 240 842 256 circa
854 240 919 256 devotos
931 244 966 256 suos
977 240 999 256 mi-

634 264 697 280 nistros.

654 289 674 304 At
684 293 722 305 vero
732 289 746 305 si
756 289 776 305 de
785 294 826 310 pane
836 289 938 305 lacrimarum
947 292 999 310 agatur,

634 318 653 329 ox
663 313 756 334 quotidiana
766 313 851 330 ‹lominieoe
862 314 941 334 passionis
950 318 1000 330 memo-

635 338 663 356 ria,
672 338 715 354 omui
724 339 749 354 die
756 338 776 354 ad
784 338 818 359 pias
827 338 900 354 lacrimas
908 338 999 357 resolvimur,

634 365 661 378 aut
674 365 716 378 certe
728 363 786 379 resolvi
799 363 876 378 debemus
886 367 889 378 :
899 363 919 378 ad
931 368 968 384 quas
978 364 1000 379 rix

635 387 683 403 semel
692 387 708 403 in
716 392 763 406 anno,
768 387 806 403 dum
814 388 868 404 Passio
875 388 1000 408 padio-tuns*

635 412 696 428 culares
708 415 796 428 moventur⁴
805 412 836 428 Sed
846 415 861 428 et
871 413 936 433 propria
945 416 1001 433 peccata

635 437 706 457 quotidie
717 437 796 453 incumbit
804 437 850 453 nobis
860 437 920 453 deflere
930 442 948 453 ac
958 437 1000 453 eonfi-

232 463 259 482 cti,
268 464 289 479 ita
297 463 339 484 quod
346 463 412 479 alterius
420 463 464 479 clave
471 467 499 478 seu
509 462 607 478 adminiculo
616 463 628 478 B
635 462 665 477 teri
674 466 677 477 :
686 467 721 482 quae
730 462 753 477 illi
761 462 810 477 semel
818 464 845 477 aut
853 462 878 478 bis
887 462 980 478 confitentur
987 462 1000 478 ia

232 493 264 504 non
272 493 337 508 egemus
344 488 364 503 ad
373 488 494 508 ingrediendum
503 492 561 508 pascua
569 487 608 503 Scri-

233 515 321 534 pturarum,
334 513 361 528 sed
376 513 441 533 propria
453 512 543 528 eruditione
554 516 573 527 ea
585 512 608 527 in-

232 539 274 553 trare
282 537 359 555 valemus,
368 537 383 553 et
393 537 498 558 spiritualiter
505 536 528 552 ibi
536 536 581 552 retici
589 541 607 552 ac

232 562 303 578 deliciari
313 562 333 578 ad
343 562 407 577 libitum
417 564 432 577 et
442 566 493 582 usque
503 561 522 577 ad
530 561 608 581 plenumt

253 586 318 605 Rursus,
326 586 339 602 si
347 586 367 602 de
375 591 416 607 pane
426 586 471 602 bone
481 585 578 607 operationis
586 585 607 601 lo-

233 616 307 632 quamur,
315 615 369 627 nonne
378 610 448 631 singulas
458 611 505 626 horas
512 610 544 626 dici
552 615 570 626 ac
580 614 608 626 no»

233 636 263 652 ctis
270 636 353 656 deputatas
361 635 439 651 habemus
446 640 465 651 ex
473 635 533 655 Regula
540 637 568 650 aut
575 635 608 651 sia-

233 661 271 676 tutis
284 660 303 676 ad
316 662 359 676 certa
371 665 419 681 opera
431 660 507 678 virtuosa,
518 661 546 675 aut
558 659 577 675 ad
589 664 608 675 ea

233 690 268 706 quae
276 685 336 701 directe
344 685 436 700 referuntur
442 685 462 700 ad
469 684 507 700 talia
514 685 571 705 opera?
579 684 608 700 Sce-

233 710 295 726 culares
305 712 359 725 autem
371 709 385 725 si
397 709 448 725 Missas
460 709 539 727 intersint,
548 709 607 730 aliquid

233 740 249 750 se
258 735 309 755 egisse
319 734 409 752 confidunt,
417 734 475 750 deinde
485 736 517 749 tota
524 734 551 749 die
559 734 574 749 in
583 738 608 749 ex-

635 491 682 505 anno,
691 486 757 502 forsitan
765 487 800 502 sine
808 486 878 507 planctu.
884 487 964 503 Desiderio
970 492 1001 508 quo

635 516 666 532 que
677 511 746 527 coelestis
756 511 816 531 patriar,
825 513 897 527 nostrum
908 513 931 527 est
938 511 1001 532 quotidie

636 535 721 554 lacrimari,
729 540 797 556 quorum
805 538 829 551 est
837 536 912 552 universa
921 541 955 557 quie
962 541 1001 552 inun-

635 560 651 576 di
659 562 696 576 sunt
703 561 790 581 aspernari,
795 560 865 576 carnalia
872 561 948 579 fastidire,
951 561 1001 581 justiti-

635 590 660 601 am
669 585 735 604 esurire,
744 585 855 606 spiritualibus
863 585 947 601 desideriis
954 588 1001 601 estun*

636 614 658 628 re,
666 610 735 628 divitias,
744 610 809 625 delicias
816 612 833 625 et
840 610 909 626 honores
916 612 933 626 ut
940 613 1001 626 stercora

636 636 715 655 reputare,
723 637 741 650 ut
748 634 828 650 Christum
837 634 923 650 lucremur.
928 635 1001 653 Quomodo

635 661 688 675 autern
703 659 737 675 haec
751 659 810 675 facient
824 659 915 678 saculares,
927 660 953 680 qui
964 660 1001 675 circa

635 689 674 704 opes
683 686 760 702 terrenas,
768 684 866 700 transitorias
876 684 972 705 provisiones
980 684 1001 704 ju-

635 709 676 729 giter
688 711 725 724 sunt
737 708 804 724 intentit
814 709 901 727 Postremo,
911 709 925 725 si
936 709 955 725 de
966 714 1001 730 pane

636 733 724 749 coelestium
735 733 821 753 gratiarum
831 733 852 749 sit
862 738 920 752 sermo,
929 738 978 750 nonne
987 734 1002 750 li«

233 759 318 775 terioribus
331 761 347 774 et
359 759 473 779 temporalibus
485 759 564 779 occupati.
577 759 608 774 Nos
617 759 628 775 C
635 758 745 774 bet-alissimus
752 758 797 774 Pater
807 758 876 774 coetestis
883 759 927 774 omni
936 759 972 775 hora
978 764 1001 775 no-

233 788 271 800 vero
279 784 365 800 maximam
376 783 452 805 temporis
462 784 511 799 nostri
522 786 583 804 partem
592 783 608 799 in

232 809 287 825 divino
295 808 400 829 expendimus
408 808 458 826 cultu,
465 808 540 824 videliect
547 810 608 828 septem

233 834 279 849 horas
290 833 374 849 canonicas
386 833 491 853 persolvendo
501 835 517 848 et
529 833 575 848 horas
588 833 608 848 de

233 858 305 876 Domina,
311 862 329 873 ac
337 857 438 876 celebrando,
444 857 542 873 orationibus
550 862 568 873 ae
576 862 608 873 rne-

233 882 337 898 ditationibus
345 882 438 900 insistendo,
447 882 536 900 scribendo,
545 882 609 897 studen-

233 907 259 926 do,
271 906 346 927 privatim
358 906 444 927 psallendo.

253 932 325 952 Insuper,
333 931 347 947 si
357 931 377 947 de
387 936 428 952 pane
438 931 578 951 contemplationis
587 931 608 946 sit

233 956 299 974 mentio,
307 956 334 971 iiic
344 956 390 976 panis
401 957 417 971 et
427 960 474 976 sapor
484 955 534 976 ipsius
544 955 609 971 sacula—

233 981 278 996 ribus
291 981 354 1001 ignotus
365 982 389 996 cst
399 982 415 996 et
427 980 525 1001 inexpertus,
534 985 563 996 nec
576 982 608 996 tam

233 1005 359 1027 praestantissirni
371 1010 389 1021 ac
400 1005 509 1020 delicatissimi
521 1005 553 1020 cibi
566 1005 609 1021 inve-

233 1030 299 1046 niuntur
307 1034 378 1050 capaces.
387 1029 418 1045 Nos
425 1034 463 1045 vero
473 1029 503 1045 hoc
514 1034 554 1050 pane
562 1034 608 1050 enge-

635 783 660 799 bis
671 783 719 799 offert
730 783 821 799 divinorum
831 783 944 799 charismatum
956 784 1002 800 incre>

636 810 694 827 menta,
711 808 781 823 caritatis
796 809 812 823 et
827 810 916 824 ceterarum
932 808 1001 824 virtutum

635 835 725 853 augmenta,
736 832 827 853 spirituales
840 832 927 853 profectus,
935 833 1001 851 dicendo.

635 857 710 875 Petite,et
717 857 805 878 accipietis,
810 862 860 878 quum
867 858 969 874 sacularibus
976 863 1002 874 ma-
1007 864 1031 874 ι...«

635 886 684 902 gnum
692 882 712 897 sit
719 887 729 898 a
737 882 831 897 mortalibus
838 882 881 898 vitiis
888 882 1002 903 abstineregra-
1007 880 1020 890 ¹⁴*

635 907 673 923 tiam
685 907 783 927 impertitam
794 911 826 922 non
837 907 915 927 perderet

655 932 690 947 lime
699 931 734 947 ideo
744 931 818 950 dixerim,
826 931 884 952 primo,
893 934 910 947 ut
920 932 1002 948 considere-

636 961 671 972 mus
681 958 746 977 quauta,
754 961 802 976 quam
812 956 887 976 specialia
897 958 914 972 et
922 957 1002 972 eminentia

635 981 715 997 beneficia
726 980 794 996 contulit
805 980 852 996 nobis
863 981 910 1000 Deus,
918 981 937 997 ad
948 981 1002 1002 religio·

636 1006 661 1021 nis
671 1005 760 1026 ingressum
769 1010 797 1021 nos
808 1005 888 1021 incitando
896 1010 915 1021 ac
922 1006 1002 1026 perducen-

635 1030 695 1051 dozper
702 1030 745 1050 quod
753 1032 769 1045 et
775 1029 796 1045 ab
804 1030 945 1046 innumerabilibus
951 1031 1003 1051 gravis-

234 1055 265 1071 lico
277 1055 345 1070 ubertim
359 1054 447 1073 reficimur,
455 1054 469 1070 si
481 1058 513 1070 non
524 1059 553 1070 noa
566 1054 609 1075 ipsos
616 1055 629 1070 D
636 1055 713 1075 simisque
723 1055 825 1075 preservavit
835 1059 864 1070 nos
874 1055 923 1070 vitiis.
930 1055 1002 1073 Secundo,

234 1079 335 1100 negligimus,
343 1079 356 1095 si
369 1084 406 1095 vere
417 1079 487 1099 religiosi
500 1079 608 1097 consistimus,

234 1104 247 1120 si
257 1104 333 1120 exercitia
342 1106 396 1120 nostra
405 1104 425 1119 ad
436 1103 508 1119 debiturn
519 1104 569 1119 linem
579 1104 609 1119 rite

234 1129 324 1145 referimus.
332 1128 369 1144 Ideo
376 1128 451 1149 equidem
460 1128 584 1149 benignissimus
591 1128 609 1144 il-

234 1153 249 1169 le
260 1154 305 1169 Pater
316 1153 385 1169 coelestis
397 1153 417 1168 de
430 1153 488 1169 soculo
501 1155 576 1173 tanquam
589 1153 608 1169 de

233 1179 300 1199 AEgypto
310 1183 339 1194 nos
348 1178 409 1197 eduxit,
418 1178 434 1194 in
442 1178 522 1194 desertum
530 1178 609 1199 poeniten-

233 1204 260 1220 tiae
267 1208 296 1219 nos
304 1203 399 1221 adduxit,ad
407 1203 498 1219 coeuobium
506 1205 581 1223 tanquam
589 1203 609 1219 ad

233 1228 352 1249 quietissimum
365 1228 424 1246 sinum,
434 1228 479 1248 quasi
491 1228 511 1243 ad
523 1228 609 1248 quemdam

234 1253 325 1274 paradisum
333 1252 476 1274 promissionisque
483 1254 548 1271 terram,
553 1253 610 1273 perdu-

234 1278 262 1296 xit,
271 1279 287 1293 et
297 1278 313 1293 in
323 1277 417 1293 abscondito
424 1277 478 1292 vultus
488 1277 513 1292 sui
521 1277 609 1295 constituit,

234 1303 251 1319 in
259 1302 362 1318 tabernaculo
369 1306 398 1318 suo
406 1302 482 1320 defendit,
487 1304 504 1317 ut
511 1306 587 1317 vacemus
594 1304 610 1317 et

235 1327 323 1346 videamus,
336 1326 464 1347 contemplemur
478 1328 493 1342 et
508 1326 610 1347 experiamur

636 1082 654 1095 ut
661 1080 693 1095 Deo
700 1079 778 1095 altissimo
786 1083 835 1100 super
842 1079 872 1095 tuoe
881 1080 922 1100 grati
930 1084 964 1095 esse
971 1080 1002 1095 totis

637 1104 726 1120 laboremus
734 1104 831 1125 praecordiis.
836 1106 851 1119 et
858 1104 917 1124 gratias
924 1104 939 1120 ei
946 1105 1002 1120 amidae

636 1129 697 1145 ardenti
709 1133 728 1144 ac
739 1128 842 1144 devotissima
854 1131 908 1145 mente
920 1134 965 1149 agere
976 1134 1002 1145 non

636 1158 721 1169 cessemus.
728 1153 785 1171 Tertio,
790 1157 810 1169 ne
818 1153 917 1174 negligamus
925 1158 953 1170 nos
960 1154 1003 1174 ipsos,

636 1183 656 1194 ne
670 1178 732 1199 ignavia
745 1180 842 1199 torpeamus,
855 1183 875 1194 ne
887 1178 930 1194 fatua
942 1179 1003 1195 resolva—

637 1208 673 1219 mur
680 1203 794 1221 sccuritate,ne
802 1203 888 1219 intimarati
897 1204 1003 1222 reddamurmr

636 1228 725 1248 aliquorum
735 1228 817 1248 tepiditate
827 1230 854 1243 aut
864 1228 942 1249 pravitate
949 1229 1004 1249 tranga»

637 1253 709 1271 mur,sed
718 1252 789 1273 quotidie
796 1255 885 1273 satagamus
894 1253 1004 1274 profiter-ehoe

637 1279 661 1293 est
668 1277 779 1296 timoratinres,
788 1277 887 1296 humiliores,
893 1279 1003 1297 custoditum-s,

638 1302 745 1322 patientiores,
758 1302 842 1318 alacriores
854 1302 975 1324 devotioresque
985 1308 1004 1318 es

637 1331 667 1347 se3
680 1329 695 1342 et
708 1327 725 1342 in
739 1326 764 1342 his
777 1331 808 1343 non
823 1327 908 1348 prolicere,
921 1332 954 1343 non
967 1327 1004 1343 aliud
