1079 1569
20 699 25 706 t
30 699 50 708 m,
54 697 65 707 ι.

20 721 64 733 uxum.

189 130 262 142 nonnum
273 130 289 142 lv
299 130 426 144 ammomum.
437 135 457 137 —
467 130 489 142 ΔΙ)
498 130 596 146 minimos}
607 130 656 142 ξηιλ)
666 130 739 142 §EUNUS

818 124 849 141 469

74 175 118 189 recte
130 173 171 189 dixit
182 173 303 194 Chrysostemue
316 178 320 189 z
332 173 382 189 Nemo
394 178 449 189 eorum
457 173 550 194 Aguntur,
563 173 601 194 quia
612 173 645 189 lunc
657 173 689 189 duo
700 178 764 189 omnem
777 177 806 193 pro
818 173 850 188 Deo

74 198 102 218 qni
110 198 209 214 delectantur
216 198 322 219 praesentibus
329 200 345 214 et
353 198 416 214 caducis
425 203 450 219 po-

74 224 107 238 test
118 222 189 238 coelestia
202 227 221 238 ac
233 223 323 243 spiritualia
335 223 449 243 contemplari;

74 247 103 268 qui
115 252 153 263 vero
165 247 194 263 ista
205 247 325 268 contempserit,
333 249 349 263 et
359 247 403 263 velut
415 252 450 263 um-

74 271 121 287 bram
129 276 148 287 ac
155 272 238 292 pulverem
246 272 314 290 duxerit,
318 272 388 288 velocius
396 272 415 288 ad
423 272 450 288 illa

74 296 163 317 perveniet<

95 321 158 337 Tertius
166 321 246 342 panis,est
251 321 355 337 Eucharistioe
362 326 450 337 sacramen-

74 348 116 364 tnm,
129 350 162 367 quo
173 346 217 362 omni
232 346 271 362 hora
285 346 390 367 spiritualiter
404 346 450 362 refici

74 375 162 391 possumus
173 375 192 386 ac
204 370 287 389 debemus,
297 371 343 391 juxta
355 371 394 386 illud
403 375 407 387 :
415 371 451 387 Cre-

74 395 101 414 de,
110 397 127 411 et
134 395 238 411 manducasti,
247 396 283 411 ldeo
291 395 319 411 Dei
326 395 378 411 Verbo
386 397 450 417 propter

74 424 105 436 nos
116 420 197 436 incarnato
208 420 282 436 uniamus
290 425 318 436 cor
324 422 397 436 nostrum
405 420 450 436 omni

74 445 120 463 hora,
129 446 145 460 et
153 445 205 465 ipsum
214 445 319 465 spiritualiter
328 445 449 466 amplectamur,

477 198 554 217 laborem,
562 202 626 214 omnem
637 200 690 214 actum
703 200 719 214 et
729 197 850 218 occupationem

477 222 546 238 reddunt
556 222 613 241 levem,
622 222 750 241 desiderabilem,
758 222 827 238 alacrem
836 224 852 238 et

477 252 546 263 suavem
550 247 590 266 Quid
598 252 666 268 nemque
673 247 734 263 fervide
741 247 791 263 Deum
798 251 852 263 eman-

477 272 489 287 ti
499 272 558 293 poterit
567 277 602 288 esse
611 272 685 291 difficile,
694 277 743 293 quum
751 274 768 288 et
774 272 805 288 viri
815 276 850 287 san-

477 297 498 312 cti
511 301 530 312 ac
542 296 600 312 fervidi
615 297 649 317 ipsa
663 296 762 313 atrocissima
776 301 806 317 pro
818 296 850 312 fide

477 321 552 342 martyria
560 326 597 337 cum
604 322 662 342 gaudio
669 323 774 340 accesserunt,
779 321 851 337 hilariter

477 346 586 367 pertuleruntt
590 346 727 365 Quemadmodum
734 346 851 362 sacratissimus

476 371 547 386 Andreas
557 371 643 391 apostolus,
651 375 698 386 cruce
707 370 738 386 sibi
748 372 802 391 parete
812 370 851 386 emi-

477 400 507 411 nus
514 395 554 418 visa,
563 400 580 411 se
589 395 642 416 ipsum
652 400 684 416 prm
694 395 751 416 gaudio
759 395 785 411 vix
794 400 851 416 capere

477 420 538 441 potuit;
549 422 565 436 et
573 420 665 436 beatissima
671 420 732 440 Agatha
741 420 760 436 ad
770 424 850 436 carcerem

477 444 522 465 qnasi
533 444 553 460 ad
563 444 619 465 epulas
630 444 663 460 ivit.

74 469 182 490 accipiamus3
190 471 206 485 et
213 471 268 485 sancto
275 469 355 485 desiderio
362 474 450 485 sacramen·
459 470 470 486 B
497 469 519 485 De
528 469 557 485 hae
565 474 603 485 vero
613 469 679 485 materie
688 469 720 485 dici
730 471 795 490 possent
804 469 850 490 plura

74 496 110 510 tnm
122 496 184 510 tantum
196 499 284 513 sumamus,
292 496 349 510 cuneta
360 499 395 515 qum
406 494 450 510 Chri—

73 521 110 534 stus
118 523 148 539 pro
155 518 201 534 nobis
208 519 301 540 assumpsit,
307 519 346 534 fecit
352 523 371 534 ac
378 519 449 540 pertulit,

73 543 210 559 affectuosissime
220 543 313 559 recolentes.

95 568 170 586 Quartus,
183 568 228 588 panis
243 570 268 584 cst
281 568 389 587 lacrimarum,
402 568 450 584 fletus

72 592 151 611 salubris,
159 597 179 608 ex
188 592 289 611 contritione,
297 595 324 608 aut
333 592 391 609 futuras
401 593 450 608 felici-

73 617 113 632 tatis
121 617 223 638 appetitione,
228 622 257 633 seu
264 617 380 638 complacentia
386 617 450 636 Dei,nut

72 641 161 657 dominic-³
171 641 249 662 passionis
259 642 375 662 compassione,
383 644 410 657 aut
419 642 450 658 alin

73 666 103 687 pia
111 671 159 682 causa
167 666 267 687 proveniens.
276 666 320 682 Unde
329 666 351 691 ait
360 667 437 687 Propheta
445 672 449 683 z

73 691 148 707 Fuerunt
159 691 198 706 mihi
208 691 278 707 lacrimm
288 696 327 707 mese
336 696 386 712 panes
395 692 421 707 die
432 696 450 707 ac

72 718 132 735 nocte3
142 717 164 734 et,
174 715 238 732 Cibabia
249 720 278 731 nos
290 720 332 736 pane
342 716 448 732 lacrimarum.

94 740 169 758 Quintus,
175 740 221 760 panis
228 742 253 756 est
260 740 306 756 bonas
313 740 409 761 operationis
418 745 422 756 ε
430 741 450 756 de

477 494 553 512 salubria,
566 494 604 515 quie
617 496 633 510 ct
646 494 674 510 alii
689 494 735 510 multi
749 496 787 509 sunt
801 498 850 514 panes

477 518 574 539 spirituales,
587 520 603 534 et
614 518 704 539 spiritualia
716 518 773 539 pocula
784 523 803 534 ac
814 523 851 534 con-

477 543 548 559 dimenta
565 543 640 563 intem-3
655 543 683 559 sed
697 543 772 559 brevitati
787 543 850 559 studere

477 570 542 588 oportet.

497 593 524 609 liis
536 598 574 613 ergo
587 593 706 614 praenominatis
718 593 787 613 panibus
798 597 817 608 ac
828 593 851 613 pi-

477 617 531 633 scibus
545 618 656 638 spiritualibus
669 618 762 633 reficiamur
773 617 850 638 quotidie,

477 647 495 658 ac
503 642 560 658 intime
568 642 693 663 impinguemur.
702 642 774 658 earnalia
782 641 851 658 obleeta-

477 669 531 682 menta
541 669 557 682 et
566 671 607 682 vana
617 667 673 683 solatia
682 671 794 687 aspernemur3
802 666 851 682 verba

478 691 539 710 illicita,
547 691 648 712 potissimum
656 691 745 712 pungitiva,
750 691 850 709 detractoria,

477 716 562 734 turbativa,
570 718 587 732 et
594 721 630 737 quea
639 716 731 735 cachinnos,
739 716 851 732 dissolutiones

477 740 619 761 distractionesque
638 739 729 761 provocant,
748 741 850 756 detestemur.

72 769 108 786 qno
116 764 138 780 ait
145 764 221 783 Salvntor,
227 764 271 780 Meus
279 765 325 780 cibus
332 767 361 783 est,
368 767 385 781 ut
392 765 450 781 faoi-m
457 766 468 782 C
477 765 580 781 AEdirieawrii
590 765 623 781 sint
632 765 681 781 nostri
693 769 779 784 sermones¹
788 765 851 781 honesti

72 789 174 805 voluntatem
186 789 221 810 ejus
233 789 261 810 qui
274 790 318 805 misit
329 795 359 805 me.
370 790 403 808 Ono
413 790 450 806 cibo

72 814 175 830 incessanter
184 814 245 830 animas
255 816 317 830 nostras
326 814 424 833 reficimus,
433 817 450 830 ut

71 843 159 860 nunqnam
173 839 206 854 otio
220 841 317 860 torpeamus,
329 839 357 855 sed
369 839 450 856 fructuose

69 863 135 884 jugiter
144 868 247 884 occupemur.

93 888 149 906 Porro,
158 893 186 908 per
194 888 233 904 duos
242 888 294 909 pisces
303 888 330 909 qui
340 888 408 909 panibus
415 889 449 904 dul-

70 917 111 928 cem
119 913 227 933 praestiterunt
234 917 313 933 saporem,
319 913 372 929 fervor
379 913 450 929 dilectio-

70 937 99 953 nis
111 939 127 953 et
136 937 223 953 consolatio
233 937 321 958 spiritualis
330 942 399 958 congrue
409 938 450 954 desi-

477 795 534 809 mores,
550 790 681 811 exemplaresque
697 792 747 809 ectus,
762 790 851 811 prasertim

476 815 525 830 etiam
535 819 589 831 coram
597 815 681 831 extraneis.
689 815 722 831 Nec
732 815 851 835 impertinentia

477 839 582 860 inquiramus,
591 844 643 860 neque
651 839 718 855 libenter
726 839 789 855 inutilia
797 840 851 855 audia-

477 869 513 880 mus
521 868 525 880 ι
533 864 566 880 imo
577 864 590 880 si
602 869 657 880 aurem
669 866 740 880 avertere
751 864 850 885 corporalem

477 893 509 904 non
516 893 607 909 possumus,
614 891 683 905 mentem
691 889 723 905 Deo
730 889 821 909 jungamus,
827 893 851 904 se-

477 915 519 929 crete
531 913 591 929 orando
603 915 630 929 aut
642 914 737 929 meditando.
750 913 774 929 Ad
786 913 849 929 leudem

477 940 493 954 et
503 938 570 959 gloriam
581 938 608 953 Dei
618 938 737 959 omnipotentis.
