1079 1569
160 375 226 389 onauo.

233 125 263 142 ³26

233 176 281 194 atque
289 173 305 189 in
313 173 360 190 bonis
367 173 443 194 persistit*
451 173 512 192 Quanto
520 173 568 194 igitur
575 173 608 189 ani·
615 173 628 189 A
636 175 700 189 neratus
707 173 728 189 sit
735 175 801 194 peceato
807 173 892 194 superbias,
896 175 924 189 aut
930 173 971 189 vitio
979 173 1003 190 im,

233 203 260 214 ma
272 198 334 219 dignior
345 200 369 215 est
379 203 451 219 corpore,
461 200 505 214 tanto
515 198 607 218 diligentius

233 223 294 242 audire,
303 223 428 244 memoriterque
435 225 495 241 tenere,
503 225 519 238 et
525 227 574 243 opere
581 223 607 238 ad-

233 248 301 269 implere
313 248 390 264 dehemus
402 247 469 263 verbum
481 247 515 266 Dei,
526 252 574 268 quam
587 247 608 263 ci-

234 272 272 288 bum
282 274 310 288 aut
318 274 374 293 potum
384 277 447 288 sumere
455 272 559 293 corpor-alem.
568 272 607 288 Hinc

200 305 208 314 ι.
234 297 254 313 de
264 297 328 313 bomine
338 297 408 312 virtuoso
419 296 470 312 fertur
481 297 497 312 in
508 296 569 312 Psalmo
578 301 582 312 z
590 297 607 312 ln

235 321 269 342 lege
277 322 339 337 Domini
347 321 421 337 voluutas
429 321 470 341 ejus,
478 323 494 337 et
503 321 519 337 in
530 321 564 341 lege
572 321 607 341 ejus

234 346 337 362 meditabitur
345 346 371 361 die
379 350 398 362 ac
408 347 458 362 nocte⁴
466 346 534 361 Jaco‘bns
544 350 607 366 quoque

233 371 314 392 apostolus
324 371 346 387 ait
354 375 357 386 :
366 371 390 387 Sit
398 372 452 386 autem
462 371 514 386 omnis
524 371 572 386 homo
581 375 607 386 ve-

233 396 259 412 lox
271 393 290 411 ad
303 395 407 414 audiendum,
420 395 482 411 scilicet
493 395 561 411 verbum
573 395 606 411 Dei.

233 420 369 439 Quemadmodum
379 424 417 440 ergo
427 424 493 440 corpora
506 422 559 435 nostra
569 424 607 440 quo-

232 445 271 460 tidie
281 444 318 460 cibo
326 449 344 460 ae
354 446 392 465 potu
403 448 479 465 corporeo
489 444 580 460 refovemus
588 449 606 460 ac

232 469 346 487 confortamus,
355 469 379 484 sic
389 469 451 484 animas
463 470 524 484 nostras
535 468 606 489 quotidie
613 469 625 485 B
634 469 692 489 pando,
705 473 748 484 nunc
761 469 873 489 promittendo,
886 469 948 484 animas
959 468 1002 484 homi·

231 494 313 509 auditione
329 496 356 509 aut
372 493 504 509 rememoratione
520 493 605 509 verborum

231 518 259 534 Dei
271 523 299 534 seu
311 523 360 534 secra)
371 518 456 538 Scriptum
467 518 534 536 alamus,
545 517 606 533 reficia-

231 548 267 558 mus
275 547 293 558 ac
301 542 400 561 roboremus,
406 543 499 558 memoriter
505 547 524 558 ao
531 542 605 563 frequen=

230 569 255 583 ter
265 567 364 583 revolventes
377 567 394 582 in
406 567 460 582 animo
471 572 507 587 quae
517 567 537 582 de
548 567 580 582 Deo
590 569 606 582 et

230 592 250 608 de
260 592 344 613 pra-ceptis
354 592 383 607 Dei
393 596 411 607 ac
421 592 478 607 ceteris
488 591 605 612 pertinentibus

231 616 250 632 ad
261 616 329 632 salutem
339 616 436 632 audivimus⁴

250 641 332 659 Praewren,
345 641 387 656 sicut
399 640 454 656 cibum
468 640 567 661 corporalem
582 641 605 656 di-

231 666 288 681 stincte
299 670 328 686 per
339 665 419 681 buecellas
430 665 524 686 accipimus,
533 665 605 681 mast-iea-

232 695 273 709 mus,
288 692 304 706 et
318 690 354 710 ejus
368 694 441 710 saporem
456 690 567 710 percipimus;
582 690 605 706 sie

231 714 299 731 verbum
311 714 339 730 Dei
351 714 428 730 debemus
438 714 523 734 diligenter
534 714 605 730 adverte-

231 744 254 758 re,
262 741 278 755 et
289 739 351 760 singula
362 739 411 755 verba
423 738 476 754 debite
489 739 576 760 ponderare
586 744 605 755 ac

231 763 320 782 masticare,
335 765 383 784 etque
397 768 434 779 curn
448 765 496 783 gustu
510 763 573 779 interno
587 764 648 780 eaCet
660 763 676 779 in
689 763 751 779 deliciis
766 763 802 782 fuit
815 766 877 779 tantum
892 764 928 779 date
939 763 961 779 illi
973 760 1013 779 tor-7¹

231 788 319 809 percipere,
328 790 382 809 utpote
391 792 394 803 :
403 788 452 803 verba
460 788 577 808 predicationis
585 788 605 804 de

230 813 259 829 Dei
269 813 345 832 bonitate,
353 813 444 831 dulcedine,
452 813 516 834 pietate,
524 815 540 828 et
550 813 569 829 de
579 813 605 829 be-

230 837 294 853 neficiis
306 837 342 858 ejus
354 837 448 858 gaudiisque
460 837 558 856 coelestibus,
568 842 605 853 cum

231 862 302 878 interiori
315 862 369 878 laetitia
381 862 460 877 audiendo
469 866 488 877 ac
498 862 605 878 recordando·
601 874 606 882 ,

231 886 280 902 verba
289 887 309 902 de
320 886 372 907 rigore
383 886 441 902 divium
451 886 517 906 justit-im
528 888 544 902 et
554 886 573 902 de
584 887 607 902 di-

231 911 313 927 strictione
320 911 377 931 judieii
385 911 426 931 ejus,
432 911 452 926 de
459 911 512 931 poenis
520 911 606 931 purgatorii

438 130 512 143 Domina
523 130 627 142 amonem.

638 134 659 138 -
669 130 719 142 §mo
729 130 806 142 sxcmue

636 200 700 213 curatur
711 198 761 214 verbo
776 198 840 217 Christi,
854 198 922 214 dicentis
934 203 939 214 ι
953 198 1003 214 Discite
1010 203 1040 214 rach,

635 227 644 238 a
657 227 682 238 me
695 223 733 243 quia
745 223 789 238 mitis
801 228 837 238 sum
850 225 866 239 et
878 223 945 239 humilis
957 219 1014 238 eordeff'

635 247 652 263 Si
662 247 698 268 quis
709 247 756 263 eorde
767 247 788 263 sit
797 247 860 266 debilis,
868 248 953 264 roboratur
961 247 1003 263 remo

635 272 726 292 Scriptum,
732 272 800 288 dicentis
808 277 812 288 :
821 272 879 288 Omnes
886 272 914 293 qui
922 274 986 293 sperant
992 272 1002 288 in
1009 276 1041 287 luni-

635 296 673 315 Deo,
681 301 713 312 non
721 296 832 317 infirmanwr3
841 299 857 313 et
864 302 925 315 rursus,
934 297 973 317 Spes
981 293 1037 318 De'ssffl

636 321 675 337 mini
687 321 735 337 turris
747 321 850 337 fortitudinia.
861 321 899 337 Ideo
910 321 933 337 ait
943 321 1003 342 Prophe

635 348 651 361 ta
661 350 665 361 :
677 346 694 361 In
706 346 774 362 Domino
785 350 852 366 sperans
864 350 896 362 non
909 346 1001 362 infirmabor.
1010 350 1039 361 emi

635 370 693 391 sicque
702 372 756 386 eontra
766 370 829 391 singula
836 370 875 386 vitia
883 370 1002 386 continenturiu

635 395 722 416 Seripturis
740 395 842 411 medicinalia
858 395 912 411 verba.
928 395 1002 416 Scriptum

635 420 695 440 quippe
706 424 735 440 per
746 419 795 435 verba
806 425 835 435 sna
845 420 956 437 saluberrima,
967 425 1002 436 nuuc

635 444 717 463 hortando,
726 449 769 460 nunc
779 444 898 463 comminando,
906 449 949 460 nune
958 444 1002 460 incre*

634 498 673 509 num
682 495 731 509 curat*
740 493 756 509 Si
764 498 801 514 ergo
809 495 854 514 optas
861 498 871 509 a
878 493 948 514 pecc-tis
956 493 1001 509 cui-ari

634 520 681 539 atque
694 518 711 533 in
723 518 755 534 Deo
768 518 872 539 spiritualiter
884 518 961 536 roborari,
973 523 1001 534 ver-

634 542 672 558 bum
685 542 712 558 Dei
726 542 794 558 libenter
805 542 848 561 audi,
861 542 946 563 diligenter
958 543 1002 558 cumi-

633 567 676 585 dera.
691 567 784 588 frequenter
798 571 911 586 rememorare,
924 569 940 583 et
953 569 1001 583 contra

633 596 759 612 unamquamque
766 592 868 608 tentationem
876 592 896 608 ad
904 592 965 613 eulpam
972 596 1001 607 cmi·

633 616 713 632 venientia
720 616 778 632 adhibe
786 617 876 632 testimonia
882 617 1000 638 Scripturarum:

633 643 651 657 ut
658 641 671 656 si
679 641 699 657 de
707 641 744 661 gula
753 641 824 660 tentaris,
833 641 897 657 attende
905 641 947 662 quod
957 641 1001 662 loqui-

633 667 659 681 tur
674 665 751 684 Christus,
764 666 845 682 Attendite
859 671 880 682 ne
895 666 942 682 coi-da
955 668 1042 681 vestr-1221.

632 692 718 710 graventur
728 690 793 711 crapula
802 690 827 706 vel
837 690 923 710 ebrietate;
931 690 945 706 si
954 690 973 706 de
981 690 1000 706 lu>

632 714 683 733 auria,
694 715 777 730 recordare
789 715 831 735 quod
844 715 860 730 in
871 714 964 735 Apocalypsi
976 715 1000 730 Do-

632 739 686 755 minus
698 739 774 760 loquitur.
787 739 866 758 Quantum
881 739 975 760 glorificavit
986 744 1043 757 sen-m

632 790 705 804 mentum
715 790 731 804 et
740 788 810 808 luctum3
820 788 834 804 si
844 788 863 804 de
873 789 944 807 avaritia,
952 790 999 804 mente

633 813 697 829 revolve
707 812 750 833 quod
760 813 783 828 ait
793 813 869 831 Salvator,
879 813 969 829 Possibilius
979 813 1047 828 mnae-ml

633 837 712 853 camelum
720 837 787 853 transire
795 842 823 858 per
830 837 903 853 foramen
910 842 951 856 aeus
956 842 999 858 quam
1005 832 1014 842 ¹

633 862 705 880 divitem,
717 861 732 877 id
743 863 769 877 est
781 862 903 878 immoderatum
916 862 999 878 divitiarum

633 888 726 905 amatorem,
739 886 797 902 intrare
812 886 829 902 in
843 891 911 907 regnum
925 887 999 903 coelurunt

654 911 685 927 Sed
695 915 733 926 ecee
743 913 802 932 quanta
813 913 837 927 est
849 912 948 932 perversitas,
958 911 1001 931 negli—

634 936 688 956 genti·
702 938 718 951 et
731 933 823 956 insipientia
835 938 889 952 nosti-a
901 940 905 952 ι
918 936 953 957 quia
964 936 975 952 si
986 936 1000 951 in

635 965 701 981 eor-pore
710 965 760 976 unum
770 960 851 976 modicum
863 960 923 976 vulnus
933 960 1001 976 habemus

231 940 250 952 an
257 935 322 954 interni,
331 940 367 951 cum
377 935 463 951 formidine
470 935 551 951 audiendo
557 940 576 951 ae
583 940 607 951 re-

231 960 303 976 colendo.
316 960 395 979 Quantum
409 960 429 975 ad
444 960 521 981 primum,
534 960 556 975 ait
567 960 608 976 Psal-

158 991 224 1004 men-,i⁴
232 985 280 1001 mista
288 990 291 1001 :
300 985 368 1001 Laetatus
376 989 411 1000 eum
419 985 436 1000 in
443 984 469 1000 liis
477 989 512 1005 qum
519 985 563 1000 dicta
571 987 608 1001 sunt

233 1010 279 1028 mihi,
285 1010 302 1025 In
310 1009 375 1025 domum
383 1009 446 1025 Domini
455 1009 522 1029 ibimus;
531 1009 607 1030 itemque,
635 1009 665 1025 bus
675 1014 713 1026 vero
723 1010 781 1026 nostris
791 1010 841 1026 multa
853 1010 926 1026 mortalia
933 1010 999 1026 vitiorum

164 1034 250 1054 Pnexvan
263 1034 288 1050 vie
300 1034 429 1050 testimoniorum
443 1035 507 1049 morum
520 1034 608 1050 delectatus
635 1034 701 1050 vulnera
711 1034 793 1053 babentes,
802 1035 898 1051 medicinam
909 1035 953 1051 verbi
961 1034 999 1050 eoele

160 1058 176 1068 ¹⁶·
232 1063 274 1078 aum,
285 1059 327 1074 sicut
337 1058 353 1074 in
364 1058 439 1074 omuibus
451 1058 516 1074 divitiis.
528 1058 607 1077 Quantum
615 1060 627 1075 D
634 1059 663 1074 stis
673 1064 706 1075 non
716 1059 821 1080 applicamus,
830 1064 883 1080 neque
892 1060 943 1075 curari
952 1059 998 1075 stude-

162 1088 225 1101 ιωηιιι,
232 1083 252 1099 ad
263 1083 357 1101 seeundum,
365 1083 439 1098 Habaeuc
448 1083 471 1098 ait
481 1083 558 1103 propbeta
566 1088 570 1099 2
579 1083 607 1099 Do-
634 1088 670 1099 mus
682 1088 686 1100 z
697 1083 753 1104 sieque
763 1088 829 1104 corpora
841 1084 926 1100 animabus
938 1083 997 1105 praeseri-

159 1104 226 1130 [ss'um
233 1108 282 1127 mine,
292 1108 346 1123 audivi
355 1107 453 1123 auditionem
463 1109 512 1126 tuam,
523 1109 539 1123 et
549 1107 606 1128 timui;

635 985 732 1001 medicinam
747 990 784 1001 mox
798 985 907 1006 adbibemus;
920 986 936 1001 in
949 985 1000 1001 anima·

634 1113 675 1124 inus.
686 1108 705 1124 Et
714 1108 753 1124 vitia
762 1108 804 1124 vitiis
814 1109 910 1129 adjiciendo,
919 1109 935 1125 in
944 1111 996 1125 tantum

232 1132 332 1148 consideravi
342 1136 390 1153 opera
400 1134 432 1150 tua.
441 1134 457 1148 et
467 1132 528 1152 expavi.

252 1157 331 1175 Secundo,
342 1156 409 1173 verbum
422 1156 450 1172 Dei
462 1158 563 1177 comparatur
575 1162 607 1172 me-

232 1182 292 1198 dieiuae.
296 1182 432 1200 Quemadmodum
440 1182 483 1197 enim
492 1186 568 1202 corpor-eo
576 1187 607 1198 me*

231 1206 312 1222 dicamine
324 1208 399 1222 curantur
414 1206 497 1226 languores
509 1211 528 1222 ac
540 1206 606 1222 vulnera

231 1236 322 1252 corporum,
334 1231 357 1246 sic
370 1230 418 1246 verbo
430 1231 458 1246 Dei
471 1231 537 1246 vulnera
549 1231 606 1247 animm

231 1258 247 1272 et
255 1255 356 1271 infirmitates
365 1255 400 1275 ejus
409 1257 489 1271 sanantur*
497 1255 558 1271 Idcirco
565 1255 606 1271 Psal-

160 1287 224 1300 κει-,η
232 1281 279 1297 mista
290 1280 356 1301 loquens
366 1280 386 1295 de
397 1280 429 1296 Deo
437 1285 441 1296 ι
449 1280 491 1296 Misit
498 1280 565 1301 (inquit)
573 1285 606 1296 ver-

231 1305 270 1321 bum
280 1310 333 1324 suum,
341 1307 357 1320 et
367 1304 428 1320 sanavit
437 1309 473 1324 eos;
483 1307 499 1320 et
508 1305 568 1325 eripuit
578 1309 605 1320 eos

230 1330 250 1346 de
258 1329 377 1346 interitionibus
385 1333 444 1345 eorum.
451 1329 467 1345 Si
475 1329 511 1350 quis
519 1329 562 1345 enim
570 1329 605 1345 vul-

634 1133 727 1149 induramui·
735 1133 868 1154 insensibilesque
875 1133 996 1154 efficimur-,quod

633 1159 698 1178 peccata
704 1159 758 1173 nostra
765 1162 795 1173 non
804 1158 909 1179 ponderamus
916 1163 963 1180 neque
969 1163 997 1174 sm-

634 1182 682 1198 iimus
691 1187 694 1198 :
704 1182 739 1198 ideo
748 1187 778 1198 nec
787 1183 839 1199 cni-ari
847 1183 897 1200 verbo
904 1184 932 1200 Dei
941 1183 997 1204 requiri-

633 1212 674 1223 mus.
683 1207 741 1223 Verum
749 1210 826 1228 quantum
835 1212 902 1229 corpore
910 1208 997 1230 praestantior
1046 1208 1047 1216 ¹

633 1233 657 1247 est
664 1231 722 1250 anima,
731 1233 774 1247 tanto
783 1232 875 1252 diligentius
884 1235 931 1254 atque
939 1232 997 1249 celerius

633 1258 698 1276 peccata
707 1261 763 1272 curare
773 1261 821 1277 quam
832 1258 923 1278 corporales
934 1258 996 1274 tunsiones

632 1285 688 1296 sanare
701 1285 782 1297 conemur.
795 1282 832 1297 Ideo
844 1282 912 1298 verbum
927 1282 951 1298 Dei
963 1286 994 1297 cnm

632 1305 675 1320 omni
688 1305 763 1321 aviditate
774 1306 864 1325 audiamus,
875 1310 993 1324 rememoremur,

632 1334 650 1346 ac
663 1330 764 1350 impleamus,
773 1330 819 1351 juxta
830 1331 870 1347 illud
883 1331 979 1348 Ecclesiasiiei
988 1334 993 1345 :
