<?xml version="1.0" encoding="UTF-8"?>
<!DOCTYPE html PUBLIC "-//W3C//DTD XHTML 1.0 Transitional//EN"
    "http://www.w3.org/TR/xhtml1/DTD/xhtml1-transitional.dtd">
<html xmlns="http://www.w3.org/1999/xhtml" xml:lang="en" lang="en">
 <head>
  <title>
</title>
<meta http-equiv="Content-Type" content="text/html;charset=utf-8" />
  <meta name='ocr-system' content='tesseract 3.04.00' />
  <meta name='ocr-capabilities' content='ocr_page ocr_carea ocr_par ocr_line ocrx_word'/>
</head>
<body>
  <div class='ocr_page' id='page_1' title='image "./doctorisecstati07unkngoog_0189.png"; bbox 0 0 1079 1569; ppageno 0'>
   <div class='ocr_carea' id='block_1_1' title="bbox 145 1313 210 1341">
    <p class='ocr_par' dir='ltr' id='par_1_1' title="bbox 145 1313 210 1341">
     <span class='ocr_line' id='line_1_1' title="bbox 152 1313 210 1326; baseline 0.034 -2"><span class='ocrx_word' id='word_1_1' title='bbox 152 1313 210 1326; x_wconf 62' lang='lat' dir='ltr'><strong>tic-›nw-</strong></span> 
     </span>
     <span class='ocr_line' id='line_1_2' title="bbox 145 1330 162 1341; baseline 0 0"><span class='ocrx_word' id='word_1_2' title='bbox 145 1330 162 1341; x_wconf 64' lang='grc' dir='ltr'><strong>ιι.</strong></span> 
     </span>
    </p>
   </div>
   <div class='ocr_carea' id='block_1_2' title="bbox 220 116 250 133">
    <p class='ocr_par' dir='ltr' id='par_1_2' title="bbox 220 116 250 133">
     <span class='ocr_line' id='line_1_3' title="bbox 220 116 250 133; baseline 0.033 -1"><span class='ocrx_word' id='word_1_3' title='bbox 220 116 250 133; x_wconf 71' lang='lat'><strong>16⁰</strong></span> 
     </span>
    </p>
   </div>
   <div class='ocr_carea' id='block_1_3' title="bbox 359 121 859 137">
    <p class='ocr_par' dir='ltr' id='par_1_3' title="bbox 359 121 859 137">
     <span class='ocr_line' id='line_1_4' title="bbox 359 121 859 137; baseline 0.002 -4"><span class='ocrx_word' id='word_1_4' title='bbox 359 121 433 133; x_wconf 67' lang='lat' dir='ltr'><strong>mllssffl</strong></span> <span class='ocrx_word' id='word_1_5' title='bbox 444 122 454 134; x_wconf 93' lang='lat' dir='ltr'><strong>ll</strong></span> <span class='ocrx_word' id='word_1_6' title='bbox 465 122 502 134; x_wconf 70' lang='lat' dir='ltr'><strong>met·</strong></span> <span class='ocrx_word' id='word_1_7' title='bbox 512 121 616 134; x_wconf 70' lang='lat' dir='ltr'><strong>numum</strong></span> <span class='ocrx_word' id='word_1_8' title='bbox 626 122 689 134; x_wconf 65' lang='lat' dir='ltr'><strong>GffilS&#39;l&#39;l-</strong></span> <span class='ocrx_word' id='word_1_9' title='bbox 700 126 720 130; x_wconf 86' lang='lat'><strong>—</strong></span> <span class='ocrx_word' id='word_1_10' title='bbox 730 122 780 134; x_wconf 71' lang='lat' dir='ltr'><strong>Sfflt)</strong></span> <span class='ocrx_word' id='word_1_11' title='bbox 790 123 859 137; x_wconf 68' lang='lat' dir='ltr'><strong>Quamne</strong></span> 
     </span>
    </p>
   </div>
   <div class='ocr_carea' id='block_1_4' title="bbox 219 163 997 185">
    <p class='ocr_par' dir='ltr' id='par_1_4' title="bbox 219 163 997 185">
     <span class='ocr_line' id='line_1_5' title="bbox 219 163 997 185; baseline 0.001 -6"><span class='ocrx_word' id='word_1_12' title='bbox 219 163 236 179; x_wconf 87' lang='lat' dir='ltr'><strong>hi</strong></span> <span class='ocrx_word' id='word_1_13' title='bbox 246 163 313 184; x_wconf 75' lang='lat' dir='ltr'><strong>gratiam</strong></span> <span class='ocrx_word' id='word_1_14' title='bbox 324 164 388 179; x_wconf 87' lang='lat' dir='ltr'><strong>unionis</strong></span> <span class='ocrx_word' id='word_1_15' title='bbox 399 164 445 180; x_wconf 72' lang='lat' dir='ltr'><strong>aliter</strong></span> <span class='ocrx_word' id='word_1_16' title='bbox 455 166 525 180; x_wconf 83' lang='lat' dir='ltr'><strong>sumunt.</strong></span> <span class='ocrx_word' id='word_1_17' title='bbox 534 164 595 180; x_wconf 77' lang='lat' dir='ltr'><strong>ideirco</strong></span> <span class='ocrx_word' id='word_1_18' title='bbox 602 164 614 180; x_wconf 85' lang='grc' dir='ltr'><strong>Α</strong></span> <span class='ocrx_word' id='word_1_19' title='bbox 622 166 660 180; x_wconf 89' lang='lat' dir='ltr'><strong>tunc</strong></span> <span class='ocrx_word' id='word_1_20' title='bbox 671 164 707 180; x_wconf 65' lang='lat' dir='ltr'><strong>dota</strong></span> <span class='ocrx_word' id='word_1_21' title='bbox 717 167 742 180; x_wconf 87' lang='lat' dir='ltr'><strong>est</strong></span> <span class='ocrx_word' id='word_1_22' title='bbox 752 165 767 180; x_wconf 86' lang='lat' dir='ltr'><strong>ei</strong></span> <span class='ocrx_word' id='word_1_23' title='bbox 778 165 862 185; x_wconf 73' lang='lat' dir='ltr'><strong>plenitudo</strong></span> <span class='ocrx_word' id='word_1_24' title='bbox 872 164 927 185; x_wconf 68' lang='lat' dir='ltr'><strong>gratim</strong></span> <span class='ocrx_word' id='word_1_25' title='bbox 937 167 953 180; x_wconf 87' lang='lat' dir='ltr'><strong>et</strong></span> <span class='ocrx_word' id='word_1_26' title='bbox 965 165 997 185; x_wconf 83' lang='lat' dir='ltr'><strong>glo-</strong></span> 
     </span>
    </p>
   </div>
   <div class='ocr_carea' id='block_1_5' title="bbox 218 187 595 307">
    <p class='ocr_par' dir='ltr' id='par_1_5' title="bbox 218 187 595 307">
     <span class='ocr_line' id='line_1_6' title="bbox 218 187 595 205; baseline 0.003 -2"><span class='ocrx_word' id='word_1_27' title='bbox 218 187 303 204; x_wconf 70' lang='lat' dir='ltr'><strong>diversites</strong></span> <span class='ocrx_word' id='word_1_28' title='bbox 315 188 372 204; x_wconf 84' lang='lat' dir='ltr'><strong>horum</strong></span> <span class='ocrx_word' id='word_1_29' title='bbox 385 189 458 204; x_wconf 85' lang='lat' dir='ltr'><strong>consistit</strong></span> <span class='ocrx_word' id='word_1_30' title='bbox 470 189 486 204; x_wconf 89' lang='lat' dir='ltr'><strong>in</strong></span> <span class='ocrx_word' id='word_1_31' title='bbox 497 188 556 204; x_wconf 86' lang='lat' dir='ltr'><strong>verbis.</strong></span> <span class='ocrx_word' id='word_1_32' title='bbox 567 189 595 205; x_wconf 82' lang='lat' dir='ltr'><strong>lta-</strong></span> 
     </span>
     <span class='ocr_line' id='line_1_7' title="bbox 219 213 595 233; baseline 0.003 -5"><span class='ocrx_word' id='word_1_33' title='bbox 219 216 256 233; x_wconf 76' lang='lat' dir='ltr'><strong>que,</strong></span> <span class='ocrx_word' id='word_1_34' title='bbox 270 213 346 233; x_wconf 75' lang='lat' dir='ltr'><strong>quoniam</strong></span> <span class='ocrx_word' id='word_1_35' title='bbox 361 213 456 229; x_wconf 84' lang='lat' dir='ltr'><strong>humanitati</strong></span> <span class='ocrx_word' id='word_1_36' title='bbox 471 213 529 229; x_wconf 79' lang='lat' dir='ltr'><strong>Christi</strong></span> <span class='ocrx_word' id='word_1_37' title='bbox 541 218 551 229; x_wconf 88' lang='lat' dir='ltr'><strong>a</strong></span> <span class='ocrx_word' id='word_1_38' title='bbox 562 218 595 229; x_wconf 70' lang='lat' dir='ltr'><strong>sun</strong></span> 
     </span>
     <span class='ocr_line' id='line_1_8' title="bbox 219 237 594 259; baseline 0.005 -7"><span class='ocrx_word' id='word_1_39' title='bbox 219 237 304 253; x_wconf 72' lang='lat' dir='ltr'><strong>creationis</strong></span> <span class='ocrx_word' id='word_1_40' title='bbox 319 237 364 253; x_wconf 83' lang='lat' dir='ltr'><strong>initio</strong></span> <span class='ocrx_word' id='word_1_41' title='bbox 379 237 497 253; x_wconf 83' lang='lat' dir='ltr'><strong>communicata</strong></span> <span class='ocrx_word' id='word_1_42' title='bbox 509 240 534 253; x_wconf 83' lang='lat' dir='ltr'><strong>est</strong></span> <span class='ocrx_word' id='word_1_43' title='bbox 545 238 594 259; x_wconf 83' lang='lat' dir='ltr'><strong>hypo-</strong></span> 
     </span>
     <span class='ocr_line' id='line_1_9' title="bbox 219 261 595 283; baseline 0.003 -6"><span class='ocrx_word' id='word_1_44' title='bbox 219 261 275 277; x_wconf 78' lang='lat' dir='ltr'><strong>statica</strong></span> <span class='ocrx_word' id='word_1_45' title='bbox 286 262 324 278; x_wconf 89' lang='lat' dir='ltr'><strong>unio</strong></span> <span class='ocrx_word' id='word_1_46' title='bbox 335 267 372 278; x_wconf 81' lang='lat' dir='ltr'><strong>cum</strong></span> <span class='ocrx_word' id='word_1_47' title='bbox 382 262 434 278; x_wconf 84' lang='lat' dir='ltr'><strong>Verbo</strong></span> <span class='ocrx_word' id='word_1_48' title='bbox 444 264 509 281; x_wconf 66' lang='lat' dir='ltr'><strong>aterno,</strong></span> <span class='ocrx_word' id='word_1_49' title='bbox 517 262 560 283; x_wconf 84' lang='lat' dir='ltr'><strong>quod</strong></span> <span class='ocrx_word' id='word_1_50' title='bbox 571 264 595 278; x_wconf 83' lang='lat' dir='ltr'><strong>est</strong></span> 
     </span>
     <span class='ocr_line' id='line_1_10' title="bbox 219 287 594 307; baseline 0.005 -6"><span class='ocrx_word' id='word_1_51' title='bbox 219 290 268 307; x_wconf 85' lang='lat' dir='ltr'><strong>super</strong></span> <span class='ocrx_word' id='word_1_52' title='bbox 282 291 330 302; x_wconf 85' lang='lat' dir='ltr'><strong>omne</strong></span> <span class='ocrx_word' id='word_1_53' title='bbox 344 287 404 303; x_wconf 86' lang='lat' dir='ltr'><strong>donum</strong></span> <span class='ocrx_word' id='word_1_54' title='bbox 419 289 496 306; x_wconf 81' lang='lat' dir='ltr'><strong>creatum,</strong></span> <span class='ocrx_word' id='word_1_55' title='bbox 511 287 560 303; x_wconf 82' lang='lat' dir='ltr'><strong>etiam</strong></span> <span class='ocrx_word' id='word_1_56' title='bbox 574 292 594 303; x_wconf 85' lang='lat' dir='ltr'><strong>ex</strong></span> 
     </span>
    </p>
   </div>
   <div class='ocr_carea' id='block_1_6' title="bbox 621 189 998 308">
    <p class='ocr_par' dir='ltr' id='par_1_6' title="bbox 621 189 998 308">
     <span class='ocr_line' id='line_1_11' title="bbox 622 189 998 210; baseline 0 -5"><span class='ocrx_word' id='word_1_57' title='bbox 622 189 655 208; x_wconf 76' lang='lat' dir='ltr'><strong>riae,</strong></span> <span class='ocrx_word' id='word_1_58' title='bbox 663 189 745 210; x_wconf 62' lang='lat' dir='ltr'><strong>sapientire</strong></span> <span class='ocrx_word' id='word_1_59' title='bbox 754 191 802 210; x_wconf 82' lang='lat' dir='ltr'><strong>atque</strong></span> <span class='ocrx_word' id='word_1_60' title='bbox 810 189 887 208; x_wconf 70' lang='lat' dir='ltr'><strong>scientie,</strong></span> <span class='ocrx_word' id='word_1_61' title='bbox 895 189 974 205; x_wconf 86' lang='lat' dir='ltr'><strong>donorum</strong></span> <span class='ocrx_word' id='word_1_62' title='bbox 982 192 998 205; x_wconf 75' lang='lat' dir='ltr'><strong>et</strong></span> 
     </span>
     <span class='ocr_line' id='line_1_12' title="bbox 622 214 997 232; baseline 0.003 -3"><span class='ocrx_word' id='word_1_63' title='bbox 622 214 705 232; x_wconf 85' lang='lat' dir='ltr'><strong>virtutum,</strong></span> <span class='ocrx_word' id='word_1_64' title='bbox 713 214 831 230; x_wconf 69' lang='lat' dir='ltr'><strong>beatitudinum</strong></span> <span class='ocrx_word' id='word_1_65' title='bbox 842 216 858 230; x_wconf 87' lang='lat' dir='ltr'><strong>et</strong></span> <span class='ocrx_word' id='word_1_66' title='bbox 868 214 957 232; x_wconf 82' lang='lat' dir='ltr'><strong>fructuum,</strong></span> <span class='ocrx_word' id='word_1_67' title='bbox 969 214 997 230; x_wconf 90' lang='lat' dir='ltr'><strong>im-</strong></span> 
     </span>
     <span class='ocr_line' id='line_1_13' title="bbox 622 238 997 259; baseline 0 -5"><span class='ocrx_word' id='word_1_68' title='bbox 622 238 736 259; x_wconf 67' lang='lat' dir='ltr'><strong>perfectionem</strong></span> <span class='ocrx_word' id='word_1_69' title='bbox 751 239 767 254; x_wconf 90' lang='lat' dir='ltr'><strong>in</strong></span> <span class='ocrx_word' id='word_1_70' title='bbox 783 243 812 254; x_wconf 81' lang='lat' dir='ltr'><strong>sua</strong></span> <span class='ocrx_word' id='word_1_71' title='bbox 826 238 887 254; x_wconf 84' lang='lat' dir='ltr'><strong>ratione</strong></span> <span class='ocrx_word' id='word_1_72' title='bbox 899 242 932 254; x_wconf 89' lang='lat' dir='ltr'><strong>non</strong></span> <span class='ocrx_word' id='word_1_73' title='bbox 947 239 997 254; x_wconf 86' lang='lat' dir='ltr'><strong>inclu—</strong></span> 
     </span>
     <span class='ocr_line' id='line_1_14' title="bbox 621 262 997 284; baseline 0 -6"><span class='ocrx_word' id='word_1_74' title='bbox 621 262 705 283; x_wconf 85' lang='lat' dir='ltr'><strong>dentiurn;</strong></span> <span class='ocrx_word' id='word_1_75' title='bbox 717 264 787 283; x_wconf 78' lang='lat' dir='ltr'><strong>potestas</strong></span> <span class='ocrx_word' id='word_1_76' title='bbox 801 267 866 284; x_wconf 82' lang='lat' dir='ltr'><strong>quoque</strong></span> <span class='ocrx_word' id='word_1_77' title='bbox 880 265 897 278; x_wconf 86' lang='lat' dir='ltr'><strong>et</strong></span> <span class='ocrx_word' id='word_1_78' title='bbox 911 263 997 279; x_wconf 75' lang='lat' dir='ltr'><strong>auctoritas</strong></span> 
     </span>
     <span class='ocr_line' id='line_1_15' title="bbox 622 289 814 308; baseline 0 -5"><span class='ocrx_word' id='word_1_79' title='bbox 622 292 670 308; x_wconf 75' lang='lat' dir='ltr'><strong>super</strong></span> <span class='ocrx_word' id='word_1_80' title='bbox 679 292 727 303; x_wconf 84' lang='lat' dir='ltr'><strong>omne</strong></span> <span class='ocrx_word' id='word_1_81' title='bbox 737 289 814 303; x_wconf 55' lang='lat' dir='ltr'><strong>ereetum-</strong></span> 
     </span>
    </p>
   </div>
   <div class='ocr_carea' id='block_1_7' title="bbox 484 396 735 422">
    <p class='ocr_par' dir='ltr' id='par_1_7' title="bbox 484 396 735 422">
     <span class='ocr_line' id='line_1_16' title="bbox 484 396 735 422; baseline 0 -4"><span class='ocrx_word' id='word_1_82' title='bbox 484 396 580 418; x_wconf 74' lang='lat' dir='ltr'>SERMO</span> <span class='ocrx_word' id='word_1_83' title='bbox 600 396 735 422; x_wconf 66' lang='lat' dir='ltr'>QUARTUS</span> 
     </span>
    </p>
   </div>
   <div class='ocr_carea' id='block_1_8' title="bbox 321 463 894 477">
    <p class='ocr_par' dir='ltr' id='par_1_8' title="bbox 321 463 894 477">
     <span class='ocr_line' id='line_1_17' title="bbox 321 463 894 477; baseline -0.002 -1"><span class='ocrx_word' id='word_1_84' title='bbox 321 463 393 477; x_wconf 68' lang='grc' dir='ltr'><strong>ῦΙῚῦΙΟΜ</strong></span> <span class='ocrx_word' id='word_1_85' title='bbox 404 463 482 475; x_wconf 65' lang='lat' dir='ltr'><strong>numne</strong></span> <span class='ocrx_word' id='word_1_86' title='bbox 493 463 511 475; x_wconf 77' lang='lat' dir='ltr'><strong>SE</strong></span> <span class='ocrx_word' id='word_1_87' title='bbox 521 463 582 475; x_wconf 66' lang='lat' dir='ltr'><strong>naeus</strong></span> <span class='ocrx_word' id='word_1_88' title='bbox 593 463 663 475; x_wconf 68' lang='lat' dir='ltr'><strong>omnam·</strong></span> <span class='ocrx_word' id='word_1_89' title='bbox 674 463 695 475; x_wconf 79' lang='grc' dir='ltr'><strong>ΔΙ)</strong></span> <span class='ocrx_word' id='word_1_90' title='bbox 705 463 753 475; x_wconf 69' lang='grc' dir='ltr'>ΡΙΙ-ΙΟΞ</span> <span class='ocrx_word' id='word_1_91' title='bbox 764 463 800 475; x_wconf 73' lang='lat' dir='ltr'><strong>SUOS</strong></span> <span class='ocrx_word' id='word_1_92' title='bbox 811 463 830 474; x_wconf 73' lang='lat' dir='ltr'><strong>BT</strong></span> <span class='ocrx_word' id='word_1_93' title='bbox 840 463 894 475; x_wconf 70' lang='lat' dir='ltr'><strong>mus.</strong></span> 
     </span>
    </p>
   </div>
   <div class='ocr_carea' id='block_1_9' title="bbox 250 532 997 554">
    <p class='ocr_par' dir='ltr' id='par_1_9' title="bbox 250 532 997 554">
     <span class='ocr_line' id='line_1_18' title="bbox 250 532 997 554; baseline -0.001 -4"><span class='ocrx_word' id='word_1_94' title='bbox 250 534 330 552; x_wconf 68' lang='lat' dir='ltr'><strong>ATRES,</strong></span> <span class='ocrx_word' id='word_1_95' title='bbox 338 534 405 549; x_wconf 72' lang='lat' dir='ltr'><strong>educate</strong></span> <span class='ocrx_word' id='word_1_96' title='bbox 413 534 457 553; x_wconf 70' lang='lat' dir='ltr'><strong>filios</strong></span> <span class='ocrx_word' id='word_1_97' title='bbox 467 535 528 548; x_wconf 65' lang='lat' dir='ltr'><strong>cestros</strong></span> <span class='ocrx_word' id='word_1_98' title='bbox 536 533 554 548; x_wconf 73' lang='lat' dir='ltr'><strong>in</strong></span> <span class='ocrx_word' id='word_1_99' title='bbox 562 533 594 548; x_wconf 66' lang='lat' dir='ltr'><strong>din-</strong></span> <span class='ocrx_word' id='word_1_100' title='bbox 601 533 613 548; x_wconf 85' lang='lat' dir='ltr'>B</span> <span class='ocrx_word' id='word_1_101' title='bbox 622 532 734 551; x_wconf 77' lang='lat' dir='ltr'><strong>thesaurizare,</strong></span> <span class='ocrx_word' id='word_1_102' title='bbox 742 533 770 549; x_wconf 85' lang='lat' dir='ltr'><strong>sed</strong></span> <span class='ocrx_word' id='word_1_103' title='bbox 781 535 854 554; x_wconf 71' lang='lat' dir='ltr'><strong>perentes</strong></span> <span class='ocrx_word' id='word_1_104' title='bbox 865 533 909 549; x_wconf 90' lang='lat' dir='ltr'><strong>filiis.</strong></span> <span class='ocrx_word' id='word_1_105' title='bbox 918 533 958 549; x_wconf 78' lang='lat' dir='ltr'><strong>Hinc</strong></span> <span class='ocrx_word' id='word_1_106' title='bbox 970 538 997 554; x_wconf 84' lang='lat' dir='ltr'><strong>pa-</strong></span> 
     </span>
    </p>
   </div>
   <div class='ocr_carea' id='block_1_10' title="bbox 217 557 594 825">
    <p class='ocr_par' dir='ltr' id='par_1_10' title="bbox 254 557 593 578">
     <span class='ocr_line' id='line_1_19' title="bbox 254 557 593 578; baseline 0 -5"><span class='ocrx_word' id='word_1_107' title='bbox 254 559 317 578; x_wconf 75' lang='lat' dir='ltr'><strong>ciplina</strong></span> <span class='ocrx_word' id='word_1_108' title='bbox 325 561 340 573; x_wconf 67' lang='grc' dir='ltr'><strong>ει</strong></span> <span class='ocrx_word' id='word_1_109' title='bbox 347 558 449 577; x_wconf 71' lang='lat' dir='ltr'><strong>correptione</strong></span> <span class='ocrx_word' id='word_1_110' title='bbox 456 558 527 573; x_wconf 69' lang='lat' dir='ltr'><strong>Domini.</strong></span> <span class='ocrx_word' id='word_1_111' title='bbox 535 557 593 578; x_wconf 74' lang='lat' dir='ltr'><strong>Ephes.</strong></span> 
     </span>
    </p>

    <p class='ocr_par' dir='ltr' id='par_1_11' title="bbox 217 583 594 825">
     <span class='ocr_line' id='line_1_20' title="bbox 218 583 262 602; baseline 0.023 -4"><span class='ocrx_word' id='word_1_112' title='bbox 218 587 239 602; x_wconf 81' lang='lat' dir='ltr'><strong>vi,</strong></span> <span class='ocrx_word' id='word_1_113' title='bbox 247 583 262 599; x_wconf 62' lang='grc' dir='ltr'><strong>Δ,</strong></span> 
     </span>
     <span class='ocr_line' id='line_1_21' title="bbox 239 606 594 628; baseline -0.003 -5"><span class='ocrx_word' id='word_1_114' title='bbox 239 608 256 623; x_wconf 92' lang='lat' dir='ltr'><strong>ln</strong></span> <span class='ocrx_word' id='word_1_115' title='bbox 269 608 295 623; x_wconf 80' lang='lat' dir='ltr'><strong>hia</strong></span> <span class='ocrx_word' id='word_1_116' title='bbox 307 607 361 623; x_wconf 78' lang='lat' dir='ltr'><strong>verbis</strong></span> <span class='ocrx_word' id='word_1_117' title='bbox 373 607 532 628; x_wconf 84' lang='lat' dir='ltr'><strong>compendiosissime</strong></span> <span class='ocrx_word' id='word_1_118' title='bbox 544 606 594 627; x_wconf 82' lang='lat' dir='ltr'><strong>tangit</strong></span> 
     </span>
     <span class='ocr_line' id='line_1_22' title="bbox 218 631 593 653; baseline -0.003 -5"><span class='ocrx_word' id='word_1_119' title='bbox 218 632 303 653; x_wconf 75' lang='lat' dir='ltr'><strong>Apostolus</strong></span> <span class='ocrx_word' id='word_1_120' title='bbox 314 632 345 648; x_wconf 85' lang='lat' dir='ltr'><strong>tria</strong></span> <span class='ocrx_word' id='word_1_121' title='bbox 355 637 391 653; x_wconf 73' lang='lat' dir='ltr'><strong>qum</strong></span> <span class='ocrx_word' id='word_1_122' title='bbox 400 634 473 653; x_wconf 75' lang='lat' dir='ltr'><strong>parentes</strong></span> <span class='ocrx_word' id='word_1_123' title='bbox 483 632 522 647; x_wconf 85' lang='lat' dir='ltr'><strong>filiis</strong></span> <span class='ocrx_word' id='word_1_124' title='bbox 532 631 566 647; x_wconf 80' lang='lat' dir='ltr'><strong>suis</strong></span> <span class='ocrx_word' id='word_1_125' title='bbox 575 636 593 647; x_wconf 85' lang='lat' dir='ltr'><strong>ac</strong></span> 
     </span>
     <span class='ocr_line' id='line_1_23' title="bbox 218 656 594 674; baseline 0 -2"><span class='ocrx_word' id='word_1_126' title='bbox 218 656 284 672; x_wconf 73' lang='lat' dir='ltr'><strong>filiabus</strong></span> <span class='ocrx_word' id='word_1_127' title='bbox 291 656 367 672; x_wconf 84' lang='lat' dir='ltr'><strong>exhibere</strong></span> <span class='ocrx_word' id='word_1_128' title='bbox 375 658 454 672; x_wconf 83' lang='lat' dir='ltr'><strong>tenentur.</strong></span> <span class='ocrx_word' id='word_1_129' title='bbox 460 656 531 672; x_wconf 80' lang='lat' dir='ltr'><strong>Primum</strong></span> <span class='ocrx_word' id='word_1_130' title='bbox 538 657 568 674; x_wconf 74' lang='lat' dir='ltr'><strong>est,</strong></span> <span class='ocrx_word' id='word_1_131' title='bbox 576 658 594 671; x_wconf 88' lang='lat' dir='ltr'><strong>ut</strong></span> 
     </span>
     <span class='ocr_line' id='line_1_24' title="bbox 218 680 594 702; baseline -0.003 -5"><span class='ocrx_word' id='word_1_132' title='bbox 218 686 245 697; x_wconf 83' lang='lat' dir='ltr'><strong>eos</strong></span> <span class='ocrx_word' id='word_1_133' title='bbox 255 681 359 702; x_wconf 69' lang='lat' dir='ltr'><strong>corporaliter</strong></span> <span class='ocrx_word' id='word_1_134' title='bbox 369 681 446 699; x_wconf 78' lang='lat' dir='ltr'><strong>nutriant,</strong></span> <span class='ocrx_word' id='word_1_135' title='bbox 454 683 470 696; x_wconf 91' lang='lat' dir='ltr'><strong>et</strong></span> <span class='ocrx_word' id='word_1_136' title='bbox 480 680 528 696; x_wconf 86' lang='lat' dir='ltr'><strong>etiam</strong></span> <span class='ocrx_word' id='word_1_137' title='bbox 538 680 558 696; x_wconf 79' lang='lat' dir='ltr'><strong>dc</strong></span> <span class='ocrx_word' id='word_1_138' title='bbox 567 685 594 696; x_wconf 85' lang='lat' dir='ltr'><strong>ne-</strong></span> 
     </span>
     <span class='ocr_line' id='line_1_25' title="bbox 218 705 594 726; baseline -0.003 -5"><span class='ocrx_word' id='word_1_139' title='bbox 218 706 292 722; x_wconf 77' lang='lat' dir='ltr'><strong>cessariis</strong></span> <span class='ocrx_word' id='word_1_140' title='bbox 302 705 339 721; x_wconf 78' lang='lat' dir='ltr'><strong>vitae</strong></span> <span class='ocrx_word' id='word_1_141' title='bbox 349 706 373 721; x_wconf 86' lang='lat' dir='ltr'><strong>eis</strong></span> <span class='ocrx_word' id='word_1_142' title='bbox 385 710 414 726; x_wconf 88' lang='lat' dir='ltr'><strong>pro</strong></span> <span class='ocrx_word' id='word_1_143' title='bbox 426 710 473 726; x_wconf 79' lang='lat' dir='ltr'><strong>posse</strong></span> <span class='ocrx_word' id='word_1_144' title='bbox 485 706 594 726; x_wconf 82' lang='lat' dir='ltr'><strong>competenter</strong></span> 
     </span>
     <span class='ocr_line' id='line_1_26' title="bbox 218 729 593 752; baseline -0.003 -6"><span class='ocrx_word' id='word_1_145' title='bbox 218 731 318 752; x_wconf 81' lang='lat' dir='ltr'><strong>provideant,</strong></span> <span class='ocrx_word' id='word_1_146' title='bbox 328 735 378 751; x_wconf 76' lang='lat' dir='ltr'><strong>quum</strong></span> <span class='ocrx_word' id='word_1_147' title='bbox 389 730 412 746; x_wconf 89' lang='lat' dir='ltr'><strong>ait</strong></span> <span class='ocrx_word' id='word_1_148' title='bbox 420 734 423 746; x_wconf 72' lang='grc' dir='ltr'>ε</span> <span class='ocrx_word' id='word_1_149' title='bbox 432 730 490 748; x_wconf 80' lang='lat' dir='ltr'><strong>Patres,</strong></span> <span class='ocrx_word' id='word_1_150' title='bbox 500 730 566 746; x_wconf 83' lang='lat' dir='ltr'><strong>educate</strong></span> <span class='ocrx_word' id='word_1_151' title='bbox 575 729 593 745; x_wconf 88' lang='lat' dir='ltr'><strong>fi-</strong></span> 
     </span>
     <span class='ocr_line' id='line_1_27' title="bbox 219 755 593 776; baseline -0.003 -5"><span class='ocrx_word' id='word_1_152' title='bbox 219 755 253 771; x_wconf 79' lang='lat' dir='ltr'><strong>lius.</strong></span> <span class='ocrx_word' id='word_1_153' title='bbox 260 755 300 771; x_wconf 83' lang='lat' dir='ltr'><strong>Nam</strong></span> <span class='ocrx_word' id='word_1_154' title='bbox 307 755 350 776; x_wconf 77' lang='lat' dir='ltr'><strong>quod</strong></span> <span class='ocrx_word' id='word_1_155' title='bbox 357 755 380 771; x_wconf 88' lang='lat' dir='ltr'><strong>ait</strong></span> <span class='ocrx_word' id='word_1_156' title='bbox 387 755 407 771; x_wconf 81' lang='lat' dir='ltr'><strong>de</strong></span> <span class='ocrx_word' id='word_1_157' title='bbox 415 757 464 776; x_wconf 82' lang='lat' dir='ltr'><strong>patre,</strong></span> <span class='ocrx_word' id='word_1_158' title='bbox 470 755 490 770; x_wconf 87' lang='lat' dir='ltr'><strong>de</strong></span> <span class='ocrx_word' id='word_1_159' title='bbox 498 756 548 770; x_wconf 80' lang='lat' dir='ltr'><strong>matre</strong></span> <span class='ocrx_word' id='word_1_160' title='bbox 555 758 593 775; x_wconf 82' lang='lat' dir='ltr'><strong>quo·</strong></span> 
     </span>
     <span class='ocr_line' id='line_1_28' title="bbox 218 778 593 801; baseline -0.005 -5"><span class='ocrx_word' id='word_1_161' title='bbox 218 785 249 801; x_wconf 78' lang='lat' dir='ltr'><strong>que</strong></span> <span class='ocrx_word' id='word_1_162' title='bbox 257 779 305 796; x_wconf 83' lang='lat' dir='ltr'><strong>debet</strong></span> <span class='ocrx_word' id='word_1_163' title='bbox 312 779 384 800; x_wconf 69' lang='lat' dir='ltr'><strong>intelligi.</strong></span> <span class='ocrx_word' id='word_1_164' title='bbox 389 779 480 795; x_wconf 87' lang='lat' dir='ltr'><strong>Secundum</strong></span> <span class='ocrx_word' id='word_1_165' title='bbox 488 781 516 797; x_wconf 77' lang='lat' dir='ltr'><strong>est,</strong></span> <span class='ocrx_word' id='word_1_166' title='bbox 520 781 537 794; x_wconf 89' lang='lat' dir='ltr'><strong>ut</strong></span> <span class='ocrx_word' id='word_1_167' title='bbox 544 778 593 795; x_wconf 88' lang='lat' dir='ltr'><strong>simul</strong></span> 
     </span>
     <span class='ocr_line' id='line_1_29' title="bbox 217 803 593 825; baseline -0.003 -5"><span class='ocrx_word' id='word_1_168' title='bbox 217 809 255 820; x_wconf 83' lang='lat' dir='ltr'><strong>cum</strong></span> <span class='ocrx_word' id='word_1_169' title='bbox 266 804 345 825; x_wconf 83' lang='lat' dir='ltr'><strong>corporali</strong></span> <span class='ocrx_word' id='word_1_170' title='bbox 355 804 449 820; x_wconf 70' lang='lat' dir='ltr'><strong>educatione</strong></span> <span class='ocrx_word' id='word_1_171' title='bbox 459 804 507 819; x_wconf 90' lang='lat' dir='ltr'><strong>etiam</strong></span> <span class='ocrx_word' id='word_1_172' title='bbox 519 803 593 824; x_wconf 83' lang='lat' dir='ltr'><strong>spiritua-</strong></span> 
     </span>
    </p>
   </div>
   <div class='ocr_carea' id='block_1_11' title="bbox 621 557 998 701">
    <p class='ocr_par' dir='ltr' id='par_1_12' title="bbox 621 557 998 701">
     <span class='ocr_line' id='line_1_30' title="bbox 622 557 998 579; baseline 0.003 -6"><span class='ocrx_word' id='word_1_173' title='bbox 622 559 674 573; x_wconf 77' lang='lat' dir='ltr'><strong>rentes</strong></span> <span class='ocrx_word' id='word_1_174' title='bbox 686 558 713 578; x_wconf 83' lang='lat' dir='ltr'><strong>qui</strong></span> <span class='ocrx_word' id='word_1_175' title='bbox 726 557 768 574; x_wconf 83' lang='lat' dir='ltr'><strong>bona</strong></span> <span class='ocrx_word' id='word_1_176' title='bbox 779 563 809 574; x_wconf 82' lang='lat' dir='ltr'><strong>sua</strong></span> <span class='ocrx_word' id='word_1_177' title='bbox 820 558 904 576; x_wconf 70' lang='lat' dir='ltr'><strong>inutiliter,</strong></span> <span class='ocrx_word' id='word_1_178' title='bbox 914 558 970 579; x_wconf 80' lang='lat' dir='ltr'><strong>gulose</strong></span> <span class='ocrx_word' id='word_1_179' title='bbox 981 560 998 574; x_wconf 80' lang='lat' dir='ltr'><strong>et</strong></span> 
     </span>
     <span class='ocr_line' id='line_1_31' title="bbox 622 582 998 603; baseline 0 -5"><span class='ocrx_word' id='word_1_180' title='bbox 622 582 724 603; x_wconf 72' lang='lat' dir='ltr'><strong>prodigaliter</strong></span> <span class='ocrx_word' id='word_1_181' title='bbox 731 587 759 598; x_wconf 84' lang='lat' dir='ltr'><strong>seu</strong></span> <span class='ocrx_word' id='word_1_182' title='bbox 768 582 891 598; x_wconf 66' lang='lat' dir='ltr'><strong>immoderanter</strong></span> <span class='ocrx_word' id='word_1_183' title='bbox 899 585 998 598; x_wconf 79' lang='lat' dir='ltr'><strong>consumunt</strong></span> 
     </span>
     <span class='ocr_line' id='line_1_32' title="bbox 621 607 996 628; baseline 0.003 -6"><span class='ocrx_word' id='word_1_184' title='bbox 621 608 637 622; x_wconf 83' lang='lat' dir='ltr'><strong>et</strong></span> <span class='ocrx_word' id='word_1_185' title='bbox 644 607 720 625; x_wconf 85' lang='lat' dir='ltr'><strong>vendunt,</strong></span> <span class='ocrx_word' id='word_1_186' title='bbox 729 609 745 622; x_wconf 91' lang='lat' dir='ltr'><strong>et</strong></span> <span class='ocrx_word' id='word_1_187' title='bbox 753 607 814 628; x_wconf 84' lang='lat' dir='ltr'><strong>prolem</strong></span> <span class='ocrx_word' id='word_1_188' title='bbox 825 612 870 623; x_wconf 85' lang='lat' dir='ltr'><strong>suam</strong></span> <span class='ocrx_word' id='word_1_189' title='bbox 880 607 996 628; x_wconf 87' lang='lat' dir='ltr'><strong>depauperant,</strong></span> 
     </span>
     <span class='ocr_line' id='line_1_33' title="bbox 621 631 997 652; baseline 0.003 -5"><span class='ocrx_word' id='word_1_190' title='bbox 621 631 708 647; x_wconf 83' lang='lat' dir='ltr'><strong>enormiter</strong></span> <span class='ocrx_word' id='word_1_191' title='bbox 717 634 789 652; x_wconf 77' lang='lat' dir='ltr'><strong>peccant.</strong></span> <span class='ocrx_word' id='word_1_192' title='bbox 797 631 858 647; x_wconf 80' lang='lat' dir='ltr'><strong>Deinde</strong></span> <span class='ocrx_word' id='word_1_193' title='bbox 865 632 961 647; x_wconf 72' lang='lat' dir='ltr'><strong>hereditaria</strong></span> <span class='ocrx_word' id='word_1_194' title='bbox 968 632 997 648; x_wconf 85' lang='lat' dir='ltr'><strong>bo-</strong></span> 
     </span>
     <span class='ocr_line' id='line_1_34' title="bbox 621 656 998 673; baseline 0 -1"><span class='ocrx_word' id='word_1_195' title='bbox 621 661 642 671; x_wconf 87' lang='lat' dir='ltr'><strong>na</strong></span> <span class='ocrx_word' id='word_1_196' title='bbox 651 656 685 672; x_wconf 84' lang='lat' dir='ltr'><strong>sine</strong></span> <span class='ocrx_word' id='word_1_197' title='bbox 695 656 785 672; x_wconf 85' lang='lat' dir='ltr'><strong>rationabili</strong></span> <span class='ocrx_word' id='word_1_198' title='bbox 796 661 843 672; x_wconf 82' lang='lat' dir='ltr'><strong>causa</strong></span> <span class='ocrx_word' id='word_1_199' title='bbox 851 656 921 672; x_wconf 88' lang='lat' dir='ltr'><strong>vendere</strong></span> <span class='ocrx_word' id='word_1_200' title='bbox 930 661 962 673; x_wconf 87' lang='lat' dir='ltr'><strong>non</strong></span> <span class='ocrx_word' id='word_1_201' title='bbox 972 659 998 673; x_wconf 82' lang='lat' dir='ltr'><strong>est</strong></span> 
     </span>
     <span class='ocr_line' id='line_1_35' title="bbox 621 680 997 701; baseline 0.003 -5"><span class='ocrx_word' id='word_1_202' title='bbox 621 680 656 696; x_wconf 89' lang='lat' dir='ltr'><strong>leve</strong></span> <span class='ocrx_word' id='word_1_203' title='bbox 670 682 758 701; x_wconf 69' lang='lat' dir='ltr'><strong>peccatum⁴</strong></span> <span class='ocrx_word' id='word_1_204' title='bbox 771 681 836 701; x_wconf 76' lang='lat' dir='ltr'><strong>Legitur</strong></span> <span class='ocrx_word' id='word_1_205' title='bbox 847 681 891 697; x_wconf 85' lang='lat' dir='ltr'><strong>enim</strong></span> <span class='ocrx_word' id='word_1_206' title='bbox 905 681 953 697; x_wconf 74' lang='lat' dir='ltr'><strong>tertio</strong></span> <span class='ocrx_word' id='word_1_207' title='bbox 968 681 997 697; x_wconf 75' lang='lat' dir='ltr'><strong>lte-</strong></span> 
     </span>
    </p>
   </div>
   <div class='ocr_carea' id='block_1_12' title="bbox 620 705 1054 748">
    <p class='ocr_par' dir='ltr' id='par_1_13' title="bbox 620 705 1054 748">
     <span class='ocr_line' id='line_1_36' title="bbox 620 705 1054 726; baseline 0.005 -5"><span class='ocrx_word' id='word_1_208' title='bbox 620 709 664 725; x_wconf 81' lang='lat' dir='ltr'><strong>gum.</strong></span> <span class='ocrx_word' id='word_1_209' title='bbox 672 705 714 726; x_wconf 76' lang='lat' dir='ltr'><strong>quod</strong></span> <span class='ocrx_word' id='word_1_210' title='bbox 724 710 774 726; x_wconf 85' lang='lat' dir='ltr'><strong>quum</strong></span> <span class='ocrx_word' id='word_1_211' title='bbox 782 705 836 721; x_wconf 77' lang='lat' dir='ltr'><strong>Achab</strong></span> <span class='ocrx_word' id='word_1_212' title='bbox 846 710 873 721; x_wconf 85' lang='lat' dir='ltr'><strong>rex</strong></span> <span class='ocrx_word' id='word_1_213' title='bbox 883 706 931 721; x_wconf 80' lang='lat' dir='ltr'><strong>lsrael</strong></span> <span class='ocrx_word' id='word_1_214' title='bbox 941 711 996 722; x_wconf 84' lang='lat' dir='ltr'><strong>emere</strong></span> <span class='ocrx_word' id='word_1_215' title='bbox 1003 711 1054 725; x_wconf 65' lang='lat' dir='ltr'><strong>mmm.</strong></span> 
     </span>
     <span class='ocr_line' id='line_1_37' title="bbox 621 728 1028 748; baseline 0.002 -3"><span class='ocrx_word' id='word_1_216' title='bbox 621 729 668 745; x_wconf 83' lang='lat' dir='ltr'><strong>vellet</strong></span> <span class='ocrx_word' id='word_1_217' title='bbox 682 729 745 745; x_wconf 79' lang='lat' dir='ltr'><strong>vineam</strong></span> <span class='ocrx_word' id='word_1_218' title='bbox 761 730 822 746; x_wconf 79' lang='lat' dir='ltr'><strong>Naboth</strong></span> <span class='ocrx_word' id='word_1_219' title='bbox 838 730 869 745; x_wconf 90' lang='lat' dir='ltr'><strong>viri</strong></span> <span class='ocrx_word' id='word_1_220' title='bbox 884 730 961 748; x_wconf 81' lang='lat' dir='ltr'><strong>timorati,</strong></span> <span class='ocrx_word' id='word_1_221' title='bbox 977 735 997 746; x_wconf 89' lang='lat' dir='ltr'><strong>eo</strong></span> <span class='ocrx_word' id='word_1_222' title='bbox 1004 728 1028 738; x_wconf 53' lang='grc' dir='ltr'><strong>Η*</strong></span> 
     </span>
    </p>
   </div>
   <div class='ocr_carea' id='block_1_13' title="bbox 620 754 996 825">
    <p class='ocr_par' dir='ltr' id='par_1_14' title="bbox 620 754 996 825">
     <span class='ocr_line' id='line_1_38' title="bbox 620 754 996 775; baseline 0.005 -6"><span class='ocrx_word' id='word_1_223' title='bbox 620 754 662 774; x_wconf 86' lang='lat' dir='ltr'><strong>quod</strong></span> <span class='ocrx_word' id='word_1_224' title='bbox 673 754 726 770; x_wconf 86' lang='lat' dir='ltr'><strong>vicina</strong></span> <span class='ocrx_word' id='word_1_225' title='bbox 735 756 777 770; x_wconf 82' lang='lat' dir='ltr'><strong>esset</strong></span> <span class='ocrx_word' id='word_1_226' title='bbox 786 759 815 771; x_wconf 76' lang='lat' dir='ltr'><strong>suo</strong></span> <span class='ocrx_word' id='word_1_227' title='bbox 827 754 890 775; x_wconf 80' lang='lat' dir='ltr'><strong>palatio,</strong></span> <span class='ocrx_word' id='word_1_228' title='bbox 898 754 960 771; x_wconf 84' lang='lat' dir='ltr'><strong>Naboth</strong></span> <span class='ocrx_word' id='word_1_229' title='bbox 972 760 996 771; x_wconf 85' lang='lat' dir='ltr'><strong>re-</strong></span> 
     </span>
     <span class='ocr_line' id='line_1_39' title="bbox 620 779 996 800; baseline 0.003 -5"><span class='ocrx_word' id='word_1_230' title='bbox 620 779 685 800; x_wconf 81' lang='lat' dir='ltr'><strong>spondit</strong></span> <span class='ocrx_word' id='word_1_231' title='bbox 695 783 699 795; x_wconf 86' lang='lat'>:</span> <span class='ocrx_word' id='word_1_232' title='bbox 709 779 820 800; x_wconf 41' lang='lat' dir='ltr'><strong>Propitius-sit</strong></span> <span class='ocrx_word' id='word_1_233' title='bbox 831 779 871 795; x_wconf 88' lang='lat' dir='ltr'><strong>mihi</strong></span> <span class='ocrx_word' id='word_1_234' title='bbox 882 780 966 799; x_wconf 79' lang='lat' dir='ltr'><strong>Dominus,</strong></span> <span class='ocrx_word' id='word_1_235' title='bbox 975 785 996 796; x_wconf 86' lang='lat' dir='ltr'><strong>ne</strong></span> 
     </span>
     <span class='ocr_line' id='line_1_40' title="bbox 620 804 996 825; baseline 0.003 -6"><span class='ocrx_word' id='word_1_236' title='bbox 620 804 657 819; x_wconf 88' lang='lat' dir='ltr'><strong>dem</strong></span> <span class='ocrx_word' id='word_1_237' title='bbox 667 808 695 819; x_wconf 81' lang='lat' dir='ltr'><strong>seu</strong></span> <span class='ocrx_word' id='word_1_238' title='bbox 703 804 771 820; x_wconf 84' lang='lat' dir='ltr'><strong>vendam</strong></span> <span class='ocrx_word' id='word_1_239' title='bbox 779 804 808 820; x_wconf 83' lang='lat' dir='ltr'><strong>tibi</strong></span> <span class='ocrx_word' id='word_1_240' title='bbox 816 804 920 820; x_wconf 83' lang='lat' dir='ltr'><strong>hereditatem</strong></span> <span class='ocrx_word' id='word_1_241' title='bbox 930 807 996 825; x_wconf 82' lang='lat' dir='ltr'><strong>patrum</strong></span> 
     </span>
    </p>
   </div>
   <div class='ocr_carea' id='block_1_14' title="bbox 218 827 996 849">
    <p class='ocr_par' dir='ltr' id='par_1_15' title="bbox 218 827 996 849">
     <span class='ocr_line' id='line_1_41' title="bbox 218 827 996 849; baseline 0 -4"><span class='ocrx_word' id='word_1_242' title='bbox 218 829 254 845; x_wconf 83' lang='lat' dir='ltr'><strong>liter</strong></span> <span class='ocrx_word' id='word_1_243' title='bbox 264 833 291 845; x_wconf 83' lang='lat' dir='ltr'><strong>eos</strong></span> <span class='ocrx_word' id='word_1_244' title='bbox 301 829 383 845; x_wconf 88' lang='lat' dir='ltr'><strong>enutriant</strong></span> <span class='ocrx_word' id='word_1_245' title='bbox 390 831 405 844; x_wconf 90' lang='lat' dir='ltr'><strong>et</strong></span> <span class='ocrx_word' id='word_1_246' title='bbox 414 828 501 844; x_wconf 72' lang='lat' dir='ltr'><strong>informent</strong></span> <span class='ocrx_word' id='word_1_247' title='bbox 511 828 527 843; x_wconf 90' lang='lat' dir='ltr'><strong>in</strong></span> <span class='ocrx_word' id='word_1_248' title='bbox 537 828 593 843; x_wconf 89' lang='lat' dir='ltr'><strong>notitia</strong></span> <span class='ocrx_word' id='word_1_249' title='bbox 600 827 611 842; x_wconf 89' lang='lat' dir='ltr'>C</span> <span class='ocrx_word' id='word_1_250' title='bbox 620 833 698 844; x_wconf 81' lang='lat' dir='ltr'><strong>meorum.</strong></span> <span class='ocrx_word' id='word_1_251' title='bbox 714 828 737 844; x_wconf 87' lang='lat' dir='ltr'><strong>Ob</strong></span> <span class='ocrx_word' id='word_1_252' title='bbox 751 828 781 844; x_wconf 87' lang='lat' dir='ltr'><strong>hoc</strong></span> <span class='ocrx_word' id='word_1_253' title='bbox 796 828 888 849; x_wconf 88' lang='lat' dir='ltr'><strong>indignatus</strong></span> <span class='ocrx_word' id='word_1_254' title='bbox 901 830 926 845; x_wconf 89' lang='lat' dir='ltr'><strong>est</strong></span> <span class='ocrx_word' id='word_1_255' title='bbox 940 829 996 845; x_wconf 68' lang='lat' dir='ltr'><strong>Achab</strong></span> 
     </span>
    </p>
   </div>
   <div class='ocr_carea' id='block_1_15' title="bbox 218 852 593 1121">
    <p class='ocr_par' dir='ltr' id='par_1_16' title="bbox 218 852 593 997">
     <span class='ocr_line' id='line_1_42' title="bbox 218 852 592 874; baseline -0.005 -4"><span class='ocrx_word' id='word_1_256' title='bbox 218 854 246 870; x_wconf 87' lang='lat' dir='ltr'><strong>Dei</strong></span> <span class='ocrx_word' id='word_1_257' title='bbox 258 856 274 870; x_wconf 89' lang='lat' dir='ltr'><strong>et</strong></span> <span class='ocrx_word' id='word_1_258' title='bbox 286 853 358 869; x_wconf 82' lang='lat' dir='ltr'><strong>moribus</strong></span> <span class='ocrx_word' id='word_1_259' title='bbox 370 853 422 871; x_wconf 76' lang='lat' dir='ltr'><strong>bonis,</strong></span> <span class='ocrx_word' id='word_1_260' title='bbox 433 857 483 874; x_wconf 79' lang='lat' dir='ltr'><strong>quum</strong></span> <span class='ocrx_word' id='word_1_261' title='bbox 496 852 550 868; x_wconf 77' lang='lat' dir='ltr'><strong>subdit</strong></span> <span class='ocrx_word' id='word_1_262' title='bbox 561 857 564 868; x_wconf 91' lang='lat'>:</span> <span class='ocrx_word' id='word_1_263' title='bbox 575 853 592 868; x_wconf 92' lang='lat' dir='ltr'><strong>ln</strong></span> 
     </span>
     <span class='ocr_line' id='line_1_43' title="bbox 218 878 593 899; baseline -0.005 -5"><span class='ocrx_word' id='word_1_264' title='bbox 218 878 309 899; x_wconf 76' lang='lat' dir='ltr'><strong>disciplina.</strong></span> <span class='ocrx_word' id='word_1_265' title='bbox 317 878 387 894; x_wconf 82' lang='lat' dir='ltr'><strong>Tertium</strong></span> <span class='ocrx_word' id='word_1_266' title='bbox 398 880 427 896; x_wconf 83' lang='lat' dir='ltr'><strong>est,</strong></span> <span class='ocrx_word' id='word_1_267' title='bbox 439 880 456 893; x_wconf 85' lang='lat' dir='ltr'><strong>ut</strong></span> <span class='ocrx_word' id='word_1_268' title='bbox 466 879 558 898; x_wconf 75' lang='lat' dir='ltr'><strong>peccantem</strong></span> <span class='ocrx_word' id='word_1_269' title='bbox 569 881 593 893; x_wconf 85' lang='lat' dir='ltr'><strong>so-</strong></span> 
     </span>
     <span class='ocr_line' id='line_1_44' title="bbox 218 902 593 922; baseline -0.003 -4"><span class='ocrx_word' id='word_1_270' title='bbox 218 903 271 919; x_wconf 76' lang='lat' dir='ltr'><strong>bolem</strong></span> <span class='ocrx_word' id='word_1_271' title='bbox 282 902 363 918; x_wconf 68' lang='lat' dir='ltr'><strong>caritative</strong></span> <span class='ocrx_word' id='word_1_272' title='bbox 372 907 390 918; x_wconf 82' lang='lat' dir='ltr'><strong>ac</strong></span> <span class='ocrx_word' id='word_1_273' title='bbox 399 902 442 922; x_wconf 79' lang='lat' dir='ltr'><strong>juste</strong></span> <span class='ocrx_word' id='word_1_274' title='bbox 451 902 539 922; x_wconf 72' lang='lat' dir='ltr'><strong>corripiant</strong></span> <span class='ocrx_word' id='word_1_275' title='bbox 546 903 562 917; x_wconf 84' lang='lat' dir='ltr'><strong>et</strong></span> <span class='ocrx_word' id='word_1_276' title='bbox 569 906 593 917; x_wconf 86' lang='lat' dir='ltr'><strong>ca-</strong></span> 
     </span>
     <span class='ocr_line' id='line_1_45' title="bbox 218 926 593 948; baseline -0.003 -5"><span class='ocrx_word' id='word_1_277' title='bbox 218 928 282 948; x_wconf 79' lang='lat' dir='ltr'><strong>stigent,</strong></span> <span class='ocrx_word' id='word_1_278' title='bbox 291 927 330 943; x_wconf 91' lang='lat' dir='ltr'><strong>dum</strong></span> <span class='ocrx_word' id='word_1_279' title='bbox 340 927 404 942; x_wconf 80' lang='lat' dir='ltr'><strong>additur</strong></span> <span class='ocrx_word' id='word_1_280' title='bbox 412 931 416 942; x_wconf 80' lang='lat' dir='ltr'><strong><em>z</em></strong></span> <span class='ocrx_word' id='word_1_281' title='bbox 424 926 444 942; x_wconf 85' lang='lat' dir='ltr'><strong>Et</strong></span> <span class='ocrx_word' id='word_1_282' title='bbox 454 926 554 947; x_wconf 76' lang='lat' dir='ltr'><strong>correptione</strong></span> <span class='ocrx_word' id='word_1_283' title='bbox 564 926 593 942; x_wconf 86' lang='lat' dir='ltr'><strong>Do-</strong></span> 
     </span>
     <span class='ocr_line' id='line_1_46' title="bbox 219 951 592 971; baseline -0.003 -4"><span class='ocrx_word' id='word_1_284' title='bbox 219 952 264 968; x_wconf 88' lang='lat' dir='ltr'><strong>mini.</strong></span> <span class='ocrx_word' id='word_1_285' title='bbox 278 952 297 967; x_wconf 82' lang='lat' dir='ltr'><strong>Et</strong></span> <span class='ocrx_word' id='word_1_286' title='bbox 308 952 342 967; x_wconf 63' lang='lat' dir='ltr'><strong>hac</strong></span> <span class='ocrx_word' id='word_1_287' title='bbox 356 951 410 967; x_wconf 86' lang='lat' dir='ltr'><strong>omnia</strong></span> <span class='ocrx_word' id='word_1_288' title='bbox 425 951 473 967; x_wconf 85' lang='lat' dir='ltr'><strong>etiam</strong></span> <span class='ocrx_word' id='word_1_289' title='bbox 485 955 505 966; x_wconf 86' lang='lat' dir='ltr'><strong>ex</strong></span> <span class='ocrx_word' id='word_1_290' title='bbox 518 951 592 971; x_wconf 55' lang='lat' dir='ltr'><strong>praesenti</strong></span> 
     </span>
     <span class='ocr_line' id='line_1_47' title="bbox 218 975 489 997; baseline -0.007 -4"><span class='ocrx_word' id='word_1_291' title='bbox 218 977 301 997; x_wconf 86' lang='lat' dir='ltr'><strong>evangelio</strong></span> <span class='ocrx_word' id='word_1_292' title='bbox 312 978 377 997; x_wconf 79' lang='lat' dir='ltr'><strong>possent</strong></span> <span class='ocrx_word' id='word_1_293' title='bbox 387 975 489 992; x_wconf 73' lang='lat' dir='ltr'><strong>considerari.</strong></span> 
     </span>
    </p>

    <p class='ocr_par' dir='ltr' id='par_1_17' title="bbox 218 1000 593 1121">
     <span class='ocr_line' id='line_1_48' title="bbox 238 1000 593 1022; baseline -0.003 -5"><span class='ocrx_word' id='word_1_294' title='bbox 238 1002 255 1017; x_wconf 90' lang='lat' dir='ltr'><strong>In</strong></span> <span class='ocrx_word' id='word_1_295' title='bbox 266 1001 324 1022; x_wconf 88' lang='lat' dir='ltr'><strong>primis</strong></span> <span class='ocrx_word' id='word_1_296' title='bbox 333 1005 371 1022; x_wconf 85' lang='lat' dir='ltr'><strong>ergo</strong></span> <span class='ocrx_word' id='word_1_297' title='bbox 381 1003 455 1022; x_wconf 83' lang='lat' dir='ltr'><strong>parentes</strong></span> <span class='ocrx_word' id='word_1_298' title='bbox 464 1002 539 1016; x_wconf 82' lang='lat' dir='ltr'><strong>tenentur</strong></span> <span class='ocrx_word' id='word_1_299' title='bbox 548 1000 593 1016; x_wconf 85' lang='lat' dir='ltr'><strong>sobo-</strong></span> 
     </span>
     <span class='ocr_line' id='line_1_49' title="bbox 219 1025 593 1047; baseline -0.005 -5"><span class='ocrx_word' id='word_1_300' title='bbox 219 1027 250 1042; x_wconf 80' lang='lat' dir='ltr'><strong>lem</strong></span> <span class='ocrx_word' id='word_1_301' title='bbox 258 1026 359 1047; x_wconf 78' lang='lat' dir='ltr'><strong>corporaliter</strong></span> <span class='ocrx_word' id='word_1_302' title='bbox 365 1026 433 1041; x_wconf 79' lang='lat' dir='ltr'><strong>educare</strong></span> <span class='ocrx_word' id='word_1_303' title='bbox 440 1025 460 1041; x_wconf 85' lang='lat' dir='ltr'><strong>ab</strong></span> <span class='ocrx_word' id='word_1_304' title='bbox 468 1025 535 1041; x_wconf 85' lang='lat' dir='ltr'><strong>infantia</strong></span> <span class='ocrx_word' id='word_1_305' title='bbox 543 1029 593 1045; x_wconf 78' lang='lat' dir='ltr'><strong>usque</strong></span> 
     </span>
     <span class='ocr_line' id='line_1_50' title="bbox 218 1049 593 1071; baseline -0.005 -4"><span class='ocrx_word' id='word_1_306' title='bbox 218 1051 238 1067; x_wconf 82' lang='lat' dir='ltr'><strong>ad</strong></span> <span class='ocrx_word' id='word_1_307' title='bbox 247 1055 317 1071; x_wconf 76' lang='lat' dir='ltr'><strong>congrua</strong></span> <span class='ocrx_word' id='word_1_308' title='bbox 327 1051 424 1066; x_wconf 84' lang='lat' dir='ltr'><strong>incrementa</strong></span> <span class='ocrx_word' id='word_1_309' title='bbox 435 1050 451 1066; x_wconf 89' lang='lat' dir='ltr'><strong>in</strong></span> <span class='ocrx_word' id='word_1_310' title='bbox 461 1049 520 1070; x_wconf 80' lang='lat' dir='ltr'><strong>quibus</strong></span> <span class='ocrx_word' id='word_1_311' title='bbox 530 1049 593 1065; x_wconf 76' lang='lat' dir='ltr'><strong>soboles</strong></span> 
     </span>
     <span class='ocr_line' id='line_1_51' title="bbox 219 1074 593 1097; baseline -0.005 -5"><span class='ocrx_word' id='word_1_312' title='bbox 219 1075 275 1097; x_wconf 79' lang='lat' dir='ltr'><strong>possit,</strong></span> <span class='ocrx_word' id='word_1_313' title='bbox 285 1075 299 1091; x_wconf 78' lang='lat' dir='ltr'><strong>si</strong></span> <span class='ocrx_word' id='word_1_314' title='bbox 311 1075 376 1096; x_wconf 91' lang='lat' dir='ltr'><strong>indiget,</strong></span> <span class='ocrx_word' id='word_1_315' title='bbox 387 1074 491 1095; x_wconf 70' lang='lat' dir='ltr'><strong>personaliter</strong></span> <span class='ocrx_word' id='word_1_316' title='bbox 504 1074 593 1090; x_wconf 80' lang='lat' dir='ltr'><strong>necessaria</strong></span> 
     </span>
     <span class='ocr_line' id='line_1_52' title="bbox 219 1099 592 1121; baseline -0.005 -5"><span class='ocrx_word' id='word_1_317' title='bbox 219 1100 256 1117; x_wconf 73' lang='lat' dir='ltr'><strong>vine</strong></span> <span class='ocrx_word' id='word_1_318' title='bbox 267 1100 350 1121; x_wconf 71' lang='lat' dir='ltr'><strong>acquirere</strong></span> <span class='ocrx_word' id='word_1_319' title='bbox 362 1104 390 1115; x_wconf 82' lang='lat' dir='ltr'><strong>seu</strong></span> <span class='ocrx_word' id='word_1_320' title='bbox 405 1099 468 1115; x_wconf 86' lang='lat' dir='ltr'><strong>lucrari.</strong></span> <span class='ocrx_word' id='word_1_321' title='bbox 482 1099 501 1115; x_wconf 84' lang='lat' dir='ltr'><strong>Et</strong></span> <span class='ocrx_word' id='word_1_322' title='bbox 512 1099 554 1115; x_wconf 77' lang='lat' dir='ltr'><strong>sicut</strong></span> <span class='ocrx_word' id='word_1_323' title='bbox 566 1103 592 1119; x_wconf 88' lang='lat' dir='ltr'><strong>pa-</strong></span> 
     </span>
    </p>
   </div>
   <div class='ocr_carea' id='block_1_16' title="bbox 620 853 997 1119">
    <p class='ocr_par' dir='ltr' id='par_1_18' title="bbox 620 853 997 1119">
     <span class='ocr_line' id='line_1_53' title="bbox 620 853 996 874; baseline 0.003 -6"><span class='ocrx_word' id='word_1_324' title='bbox 620 857 653 871; x_wconf 85' lang='lat' dir='ltr'><strong>rex,</strong></span> <span class='ocrx_word' id='word_1_325' title='bbox 661 855 677 869; x_wconf 87' lang='lat' dir='ltr'><strong>et</strong></span> <span class='ocrx_word' id='word_1_326' title='bbox 687 855 782 874; x_wconf 77' lang='lat' dir='ltr'><strong>conquestus</strong></span> <span class='ocrx_word' id='word_1_327' title='bbox 793 855 818 869; x_wconf 78' lang='lat' dir='ltr'><strong>est</strong></span> <span class='ocrx_word' id='word_1_328' title='bbox 829 853 868 869; x_wconf 92' lang='lat' dir='ltr'><strong>illud</strong></span> <span class='ocrx_word' id='word_1_329' title='bbox 879 853 944 874; x_wconf 78' lang='lat' dir='ltr'><strong>conjugi</strong></span> <span class='ocrx_word' id='word_1_330' title='bbox 956 859 996 872; x_wconf 68' lang='lat' dir='ltr'><strong>sua,</strong></span> 
     </span>
     <span class='ocr_line' id='line_1_54' title="bbox 620 877 996 898; baseline 0.003 -5"><span class='ocrx_word' id='word_1_331' title='bbox 620 882 656 898; x_wconf 64' lang='lat' dir='ltr'><strong>quae</strong></span> <span class='ocrx_word' id='word_1_332' title='bbox 668 877 737 898; x_wconf 80' lang='lat' dir='ltr'><strong>pessima</strong></span> <span class='ocrx_word' id='word_1_333' title='bbox 751 877 782 893; x_wconf 80' lang='lat' dir='ltr'><strong>fuit</strong></span> <span class='ocrx_word' id='word_1_334' title='bbox 794 879 810 893; x_wconf 86' lang='lat' dir='ltr'><strong>et</strong></span> <span class='ocrx_word' id='word_1_335' title='bbox 822 877 861 893; x_wconf 91' lang='lat' dir='ltr'><strong>fecit</strong></span> <span class='ocrx_word' id='word_1_336' title='bbox 873 878 919 893; x_wconf 90' lang='lat' dir='ltr'><strong>illum</strong></span> <span class='ocrx_word' id='word_1_337' title='bbox 932 878 996 894; x_wconf 80' lang='lat' dir='ltr'><strong>Naboth</strong></span> 
     </span>
     <span class='ocr_line' id='line_1_55' title="bbox 620 902 997 923; baseline 0.003 -6"><span class='ocrx_word' id='word_1_338' title='bbox 620 902 676 918; x_wconf 82' lang='lat' dir='ltr'><strong>occidi.</strong></span> <span class='ocrx_word' id='word_1_339' title='bbox 685 902 704 918; x_wconf 85' lang='lat' dir='ltr'><strong>Et</strong></span> <span class='ocrx_word' id='word_1_340' title='bbox 715 902 791 923; x_wconf 84' lang='lat' dir='ltr'><strong>quoniam</strong></span> <span class='ocrx_word' id='word_1_341' title='bbox 802 902 833 918; x_wconf 76' lang='lat' dir='ltr'><strong>ista</strong></span> <span class='ocrx_word' id='word_1_342' title='bbox 843 902 862 918; x_wconf 90' lang='lat' dir='ltr'><strong>de</strong></span> <span class='ocrx_word' id='word_1_343' title='bbox 873 907 920 918; x_wconf 84' lang='lat' dir='ltr'><strong>causa</strong></span> <span class='ocrx_word' id='word_1_344' title='bbox 932 903 997 919; x_wconf 81' lang='lat' dir='ltr'><strong>occisus</strong></span> 
     </span>
     <span class='ocr_line' id='line_1_56' title="bbox 620 926 996 945; baseline 0.003 -3"><span class='ocrx_word' id='word_1_345' title='bbox 620 928 644 942; x_wconf 83' lang='lat' dir='ltr'><strong>est</strong></span> <span class='ocrx_word' id='word_1_346' title='bbox 651 926 718 945; x_wconf 82' lang='lat' dir='ltr'><strong>Naboth,</strong></span> <span class='ocrx_word' id='word_1_347' title='bbox 726 926 741 942; x_wconf 89' lang='lat' dir='ltr'><strong>S.</strong></span> <span class='ocrx_word' id='word_1_348' title='bbox 749 926 844 943; x_wconf 77' lang='lat' dir='ltr'><strong>Ambrosius</strong></span> <span class='ocrx_word' id='word_1_349' title='bbox 853 927 895 943; x_wconf 84' lang='lat' dir='ltr'><strong>libro</strong></span> <span class='ocrx_word' id='word_1_350' title='bbox 903 927 923 943; x_wconf 86' lang='lat' dir='ltr'><strong>de</strong></span> <span class='ocrx_word' id='word_1_351' title='bbox 932 927 996 943; x_wconf 77' lang='lat' dir='ltr'><strong>Officiis</strong></span> 
     </span>
     <span class='ocr_line' id='line_1_57' title="bbox 620 951 997 973; baseline 0 -6"><span class='ocrx_word' id='word_1_352' title='bbox 620 953 666 967; x_wconf 88' lang='lat' dir='ltr'><strong>vocat</strong></span> <span class='ocrx_word' id='word_1_353' title='bbox 673 956 710 967; x_wconf 81' lang='lat' dir='ltr'><strong>cum</strong></span> <span class='ocrx_word' id='word_1_354' title='bbox 720 953 803 971; x_wconf 72' lang='lat' dir='ltr'><strong>sanetum3</strong></span> <span class='ocrx_word' id='word_1_355' title='bbox 812 953 828 967; x_wconf 90' lang='lat' dir='ltr'><strong>et</strong></span> <span class='ocrx_word' id='word_1_356' title='bbox 835 951 875 967; x_wconf 89' lang='lat' dir='ltr'><strong>dicit</strong></span> <span class='ocrx_word' id='word_1_357' title='bbox 882 952 925 972; x_wconf 75' lang='lat' dir='ltr'><strong>quod</strong></span> <span class='ocrx_word' id='word_1_358' title='bbox 935 954 997 973; x_wconf 75' lang='lat' dir='ltr'><strong>martyr</strong></span> 
     </span>
     <span class='ocr_line' id='line_1_58' title="bbox 620 976 995 997; baseline 0.005 -6"><span class='ocrx_word' id='word_1_359' title='bbox 620 976 646 994; x_wconf 81' lang='lat' dir='ltr'><strong>sit,</strong></span> <span class='ocrx_word' id='word_1_360' title='bbox 659 976 697 996; x_wconf 79' lang='lat' dir='ltr'><strong>quia</strong></span> <span class='ocrx_word' id='word_1_361' title='bbox 711 980 740 996; x_wconf 86' lang='lat' dir='ltr'><strong>pro</strong></span> <span class='ocrx_word' id='word_1_362' title='bbox 753 976 816 996; x_wconf 80' lang='lat' dir='ltr'><strong>justitia</strong></span> <span class='ocrx_word' id='word_1_363' title='bbox 830 976 874 992; x_wconf 83' lang='lat' dir='ltr'><strong>obiit.</strong></span> <span class='ocrx_word' id='word_1_364' title='bbox 888 976 932 992; x_wconf 84' lang='lat' dir='ltr'><strong>Unde</strong></span> <span class='ocrx_word' id='word_1_365' title='bbox 946 979 995 997; x_wconf 76' lang='lat' dir='ltr'><strong>patet,</strong></span> 
     </span>
     <span class='ocr_line' id='line_1_59' title="bbox 620 1000 996 1021; baseline 0.003 -5"><span class='ocrx_word' id='word_1_366' title='bbox 620 1005 668 1021; x_wconf 79' lang='lat' dir='ltr'><strong>quam</strong></span> <span class='ocrx_word' id='word_1_367' title='bbox 678 1000 756 1021; x_wconf 80' lang='lat' dir='ltr'><strong>injustum</strong></span> <span class='ocrx_word' id='word_1_368' title='bbox 767 1000 788 1016; x_wconf 81' lang='lat' dir='ltr'><strong>sit</strong></span> <span class='ocrx_word' id='word_1_369' title='bbox 797 1002 879 1021; x_wconf 81' lang='lat' dir='ltr'><strong>paternam</strong></span> <span class='ocrx_word' id='word_1_370' title='bbox 889 1000 996 1017; x_wconf 68' lang='lat' dir='ltr'><strong>hereditatem</strong></span> 
     </span>
     <span class='ocr_line' id='line_1_60' title="bbox 620 1025 997 1046; baseline 0.003 -6"><span class='ocrx_word' id='word_1_371' title='bbox 620 1025 750 1041; x_wconf 72' lang='lat' dir='ltr'><strong>irrationabiliter</strong></span> <span class='ocrx_word' id='word_1_372' title='bbox 764 1025 846 1045; x_wconf 74' lang='lat' dir='ltr'><strong>vendere3</strong></span> <span class='ocrx_word' id='word_1_373' title='bbox 863 1027 879 1041; x_wconf 75' lang='lat' dir='ltr'><strong>et</strong></span> <span class='ocrx_word' id='word_1_374' title='bbox 892 1025 997 1046; x_wconf 75' lang='lat' dir='ltr'><strong>singulariter</strong></span> 
     </span>
     <span class='ocr_line' id='line_1_61' title="bbox 620 1049 997 1070; baseline 0.003 -5"><span class='ocrx_word' id='word_1_375' title='bbox 620 1049 664 1065; x_wconf 87' lang='lat' dir='ltr'><strong>stulti</strong></span> <span class='ocrx_word' id='word_1_376' title='bbox 677 1051 719 1068; x_wconf 83' lang='lat' dir='ltr'><strong>sunt,</strong></span> <span class='ocrx_word' id='word_1_377' title='bbox 730 1050 756 1070; x_wconf 87' lang='lat' dir='ltr'><strong>qui</strong></span> <span class='ocrx_word' id='word_1_378' title='bbox 768 1049 784 1065; x_wconf 90' lang='lat' dir='ltr'><strong>in</strong></span> <span class='ocrx_word' id='word_1_379' title='bbox 795 1049 879 1070; x_wconf 77' lang='lat' dir='ltr'><strong>juventute</strong></span> <span class='ocrx_word' id='word_1_380' title='bbox 890 1055 919 1066; x_wconf 87' lang='lat' dir='ltr'><strong>sna</strong></span> <span class='ocrx_word' id='word_1_381' title='bbox 927 1050 961 1069; x_wconf 71' lang='lat' dir='ltr'><strong>,hoc</strong></span> <span class='ocrx_word' id='word_1_382' title='bbox 972 1050 997 1066; x_wconf 89' lang='lat' dir='ltr'><strong>fa-</strong></span> 
     </span>
     <span class='ocr_line' id='line_1_62' title="bbox 620 1074 996 1095; baseline 0.003 -5"><span class='ocrx_word' id='word_1_383' title='bbox 620 1075 665 1090; x_wconf 87' lang='lat' dir='ltr'><strong>ciunt</strong></span> <span class='ocrx_word' id='word_1_384' title='bbox 673 1079 677 1090; x_wconf 78' lang='lat' dir='ltr'>z</span> <span class='ocrx_word' id='word_1_385' title='bbox 685 1074 765 1095; x_wconf 77' lang='lat' dir='ltr'><strong>siquidem</strong></span> <span class='ocrx_word' id='word_1_386' title='bbox 773 1078 805 1095; x_wconf 83' lang='lat' dir='ltr'><strong>quo</strong></span> <span class='ocrx_word' id='word_1_387' title='bbox 815 1074 866 1095; x_wconf 81' lang='lat' dir='ltr'><strong>magis</strong></span> <span class='ocrx_word' id='word_1_388' title='bbox 875 1077 966 1094; x_wconf 77' lang='lat' dir='ltr'><strong>senescunt,</strong></span> <span class='ocrx_word' id='word_1_389' title='bbox 976 1079 996 1091; x_wconf 84' lang='lat' dir='ltr'><strong>eo</strong></span> 
     </span>
     <span class='ocr_line' id='line_1_63' title="bbox 620 1098 781 1119; baseline 0 -5"><span class='ocrx_word' id='word_1_390' title='bbox 620 1098 694 1119; x_wconf 79' lang='lat' dir='ltr'><strong>pluribus</strong></span> <span class='ocrx_word' id='word_1_391' title='bbox 705 1099 781 1119; x_wconf 78' lang='lat' dir='ltr'><strong>indigent.</strong></span> 
     </span>
    </p>
   </div>
   <div class='ocr_carea' id='block_1_17' title="bbox 219 1123 997 1144">
    <p class='ocr_par' dir='ltr' id='par_1_19' title="bbox 219 1123 997 1144">
     <span class='ocr_line' id='line_1_64' title="bbox 219 1123 997 1144; baseline 0 -3"><span class='ocrx_word' id='word_1_392' title='bbox 219 1128 272 1141; x_wconf 90' lang='lat' dir='ltr'><strong>rentes</strong></span> <span class='ocrx_word' id='word_1_393' title='bbox 280 1127 354 1141; x_wconf 80' lang='lat' dir='ltr'><strong>tenentur</strong></span> <span class='ocrx_word' id='word_1_394' title='bbox 362 1124 433 1140; x_wconf 75' lang='lat' dir='ltr'><strong>sobolem</strong></span> <span class='ocrx_word' id='word_1_395' title='bbox 441 1128 486 1140; x_wconf 82' lang='lat' dir='ltr'><strong>suam</strong></span> <span class='ocrx_word' id='word_1_396' title='bbox 493 1123 547 1139; x_wconf 81' lang='lat' dir='ltr'><strong>taliter</strong></span> <span class='ocrx_word' id='word_1_397' title='bbox 554 1123 592 1139; x_wconf 90' lang='lat' dir='ltr'><strong>edu-</strong></span> <span class='ocrx_word' id='word_1_398' title='bbox 600 1123 612 1139; x_wconf 90' lang='lat' dir='ltr'>D</span> <span class='ocrx_word' id='word_1_399' title='bbox 640 1123 718 1142; x_wconf 87' lang='lat' dir='ltr'><strong>Secundo,</strong></span> <span class='ocrx_word' id='word_1_400' title='bbox 731 1125 804 1144; x_wconf 83' lang='lat' dir='ltr'><strong>parentes</strong></span> <span class='ocrx_word' id='word_1_401' title='bbox 819 1126 894 1140; x_wconf 87' lang='lat' dir='ltr'><strong>tenentur</strong></span> <span class='ocrx_word' id='word_1_402' title='bbox 907 1123 947 1140; x_wconf 81' lang='lat' dir='ltr'><strong>filiis</strong></span> <span class='ocrx_word' id='word_1_403' title='bbox 960 1125 997 1141; x_wconf 81' lang='lat' dir='ltr'><strong>suis</strong></span> 
     </span>
    </p>
   </div>
   <div class='ocr_carea' id='block_1_18' title="bbox 217 1148 594 1345">
    <p class='ocr_par' dir='ltr' id='par_1_20' title="bbox 217 1148 594 1345">
     <span class='ocr_line' id='line_1_65' title="bbox 218 1148 593 1169; baseline -0.008 -2"><span class='ocrx_word' id='word_1_404' title='bbox 218 1155 260 1169; x_wconf 80' lang='lat' dir='ltr'><strong>care,</strong></span> <span class='ocrx_word' id='word_1_405' title='bbox 268 1150 290 1166; x_wconf 80' lang='lat' dir='ltr'><strong>ita</strong></span> <span class='ocrx_word' id='word_1_406' title='bbox 300 1149 373 1165; x_wconf 76' lang='lat' dir='ltr'><strong>eamdem</strong></span> <span class='ocrx_word' id='word_1_407' title='bbox 383 1151 457 1165; x_wconf 80' lang='lat' dir='ltr'><strong>tenentur</strong></span> <span class='ocrx_word' id='word_1_408' title='bbox 465 1153 474 1164; x_wconf 84' lang='lat' dir='ltr'><strong>a</strong></span> <span class='ocrx_word' id='word_1_409' title='bbox 483 1148 593 1169; x_wconf 71' lang='lat' dir='ltr'><strong>corporalibus</strong></span> 
     </span>
     <span class='ocr_line' id='line_1_66' title="bbox 219 1173 593 1195; baseline -0.008 -4"><span class='ocrx_word' id='word_1_410' title='bbox 219 1175 311 1191; x_wconf 71' lang='lat' dir='ltr'><strong>lmsionibns</strong></span> <span class='ocrx_word' id='word_1_411' title='bbox 321 1179 418 1195; x_wconf 60' lang='lat' dir='ltr'><strong>praeservare</strong></span> <span class='ocrx_word' id='word_1_412' title='bbox 429 1178 447 1189; x_wconf 82' lang='lat' dir='ltr'><strong>ue</strong></span> <span class='ocrx_word' id='word_1_413' title='bbox 457 1173 542 1189; x_wconf 79' lang='lat' dir='ltr'><strong>custodire.</strong></span> <span class='ocrx_word' id='word_1_414' title='bbox 553 1173 593 1189; x_wconf 81' lang='lat' dir='ltr'><strong>Hine</strong></span> 
     </span>
     <span class='ocr_line' id='line_1_67' title="bbox 217 1197 593 1221; baseline -0.008 -5"><span class='ocrx_word' id='word_1_415' title='bbox 217 1199 282 1221; x_wconf 70' lang='lat' dir='ltr'><strong>Ioseph,</strong></span> <span class='ocrx_word' id='word_1_416' title='bbox 290 1199 318 1220; x_wconf 85' lang='lat' dir='ltr'><strong>qui</strong></span> <span class='ocrx_word' id='word_1_417' title='bbox 326 1199 430 1220; x_wconf 82' lang='lat' dir='ltr'><strong>reputabatur</strong></span> <span class='ocrx_word' id='word_1_418' title='bbox 437 1200 482 1219; x_wconf 79' lang='lat' dir='ltr'><strong>pater</strong></span> <span class='ocrx_word' id='word_1_419' title='bbox 490 1198 554 1216; x_wconf 86' lang='lat' dir='ltr'><strong>Christi,</strong></span> <span class='ocrx_word' id='word_1_420' title='bbox 562 1197 593 1213; x_wconf 89' lang='lat' dir='ltr'><strong>fuit</strong></span> 
     </span>
     <span class='ocr_line' id='line_1_68' title="bbox 218 1224 593 1246; baseline -0.008 -5"><span class='ocrx_word' id='word_1_421' title='bbox 218 1225 270 1246; x_wconf 82' lang='lat' dir='ltr'><strong>ipsius</strong></span> <span class='ocrx_word' id='word_1_422' title='bbox 279 1224 352 1240; x_wconf 77' lang='lat' dir='ltr'><strong>nutritor.</strong></span> <span class='ocrx_word' id='word_1_423' title='bbox 360 1224 440 1239; x_wconf 85' lang='lat' dir='ltr'><strong>Tenentur</strong></span> <span class='ocrx_word' id='word_1_424' title='bbox 447 1227 511 1244; x_wconf 84' lang='lat' dir='ltr'><strong>quoque</strong></span> <span class='ocrx_word' id='word_1_425' title='bbox 519 1224 593 1243; x_wconf 76' lang='lat' dir='ltr'><strong>parentes</strong></span> 
     </span>
     <span class='ocr_line' id='line_1_69' title="bbox 218 1247 593 1269; baseline -0.008 -4"><span class='ocrx_word' id='word_1_426' title='bbox 218 1249 269 1265; x_wconf 72' lang='lat' dir='ltr'><strong>ioboli</strong></span> <span class='ocrx_word' id='word_1_427' title='bbox 280 1253 313 1265; x_wconf 71' lang='lat' dir='ltr'><strong>suta</strong></span> <span class='ocrx_word' id='word_1_428' title='bbox 324 1250 441 1269; x_wconf 78' lang='lat' dir='ltr'><strong>competentem</strong></span> <span class='ocrx_word' id='word_1_429' title='bbox 452 1247 505 1263; x_wconf 79' lang='lat' dir='ltr'><strong>facere</strong></span> <span class='ocrx_word' id='word_1_430' title='bbox 515 1247 593 1268; x_wconf 76' lang='lat' dir='ltr'><strong>provisio-</strong></span> 
     </span>
     <span class='ocr_line' id='line_1_70' title="bbox 218 1271 593 1294; baseline -0.008 -4"><span class='ocrx_word' id='word_1_431' title='bbox 218 1279 255 1290; x_wconf 85' lang='lat' dir='ltr'><strong>nem</strong></span> <span class='ocrx_word' id='word_1_432' title='bbox 271 1274 287 1289; x_wconf 90' lang='lat' dir='ltr'><strong>iu</strong></span> <span class='ocrx_word' id='word_1_433' title='bbox 302 1272 423 1294; x_wconf 69' lang='lat' dir='ltr'><strong>temporalibus,</strong></span> <span class='ocrx_word' id='word_1_434' title='bbox 437 1272 482 1292; x_wconf 82' lang='lat' dir='ltr'><strong>juxta</strong></span> <span class='ocrx_word' id='word_1_435' title='bbox 496 1271 593 1292; x_wconf 78' lang='lat' dir='ltr'><strong>exigentiam</strong></span> 
     </span>
     <span class='ocr_line' id='line_1_71' title="bbox 218 1296 594 1319; baseline -0.008 -4"><span class='ocrx_word' id='word_1_436' title='bbox 218 1304 251 1315; x_wconf 61' lang='lat' dir='ltr'><strong>sua</strong></span> <span class='ocrx_word' id='word_1_437' title='bbox 265 1298 376 1319; x_wconf 80' lang='lat' dir='ltr'><strong>possibilitatis</strong></span> <span class='ocrx_word' id='word_1_438' title='bbox 387 1302 406 1313; x_wconf 80' lang='lat' dir='ltr'><strong>ae</strong></span> <span class='ocrx_word' id='word_1_439' title='bbox 418 1299 474 1315; x_wconf 79' lang='lat' dir='ltr'><strong>status,</strong></span> <span class='ocrx_word' id='word_1_440' title='bbox 486 1301 537 1318; x_wconf 80' lang='lat' dir='ltr'><strong>quum</strong></span> <span class='ocrx_word' id='word_1_441' title='bbox 551 1296 594 1312; x_wconf 80' lang='lat' dir='ltr'><strong>dicat</strong></span> 
     </span>
     <span class='ocr_line' id='line_1_72' title="bbox 217 1320 593 1345; baseline -0.011 -5"><span class='ocrx_word' id='word_1_442' title='bbox 217 1323 303 1345; x_wconf 74' lang='lat' dir='ltr'><strong>Apostolus</strong></span> <span class='ocrx_word' id='word_1_443' title='bbox 316 1327 319 1338; x_wconf 91' lang='lat'>:</span> <span class='ocrx_word' id='word_1_444' title='bbox 332 1322 366 1338; x_wconf 83' lang='lat' dir='ltr'><strong>Non</strong></span> <span class='ocrx_word' id='word_1_445' title='bbox 381 1322 441 1338; x_wconf 84' lang='lat' dir='ltr'><strong>debent</strong></span> <span class='ocrx_word' id='word_1_446' title='bbox 454 1321 485 1337; x_wconf 83' lang='lat' dir='ltr'><strong>filii</strong></span> <span class='ocrx_word' id='word_1_447' title='bbox 500 1320 593 1342; x_wconf 83' lang='lat' dir='ltr'><strong>parentibus</strong></span> 
     </span>
    </p>
   </div>
   <div class='ocr_carea' id='block_1_19' title="bbox 619 1148 998 1343">
    <p class='ocr_par' dir='ltr' id='par_1_21' title="bbox 619 1148 998 1343">
     <span class='ocr_line' id='line_1_73' title="bbox 619 1148 997 1165; baseline 0.005 -2"><span class='ocrx_word' id='word_1_448' title='bbox 619 1153 638 1164; x_wconf 78' lang='lat' dir='ltr'><strong>ac</strong></span> <span class='ocrx_word' id='word_1_449' title='bbox 653 1148 717 1164; x_wconf 83' lang='lat' dir='ltr'><strong>filiabus</strong></span> <span class='ocrx_word' id='word_1_450' title='bbox 732 1148 861 1164; x_wconf 73' lang='lat' dir='ltr'><strong>infamationem</strong></span> <span class='ocrx_word' id='word_1_451' title='bbox 876 1149 962 1165; x_wconf 83' lang='lat' dir='ltr'><strong>salutarem</strong></span> <span class='ocrx_word' id='word_1_452' title='bbox 979 1149 997 1165; x_wconf 89' lang='lat' dir='ltr'><strong>in</strong></span> 
     </span>
     <span class='ocr_line' id='line_1_74' title="bbox 621 1172 997 1193; baseline 0.005 -5"><span class='ocrx_word' id='word_1_453' title='bbox 621 1172 692 1189; x_wconf 79' lang='lat' dir='ltr'><strong>moribus</strong></span> <span class='ocrx_word' id='word_1_454' title='bbox 701 1175 749 1193; x_wconf 72' lang='lat' dir='ltr'><strong>atque</strong></span> <span class='ocrx_word' id='word_1_455' title='bbox 756 1173 843 1189; x_wconf 83' lang='lat' dir='ltr'><strong>virtutibus</strong></span> <span class='ocrx_word' id='word_1_456' title='bbox 853 1175 869 1189; x_wconf 80' lang='lat' dir='ltr'><strong>et</strong></span> <span class='ocrx_word' id='word_1_457' title='bbox 878 1173 968 1193; x_wconf 79' lang='lat' dir='ltr'><strong>credendis,</strong></span> <span class='ocrx_word' id='word_1_458' title='bbox 978 1176 997 1190; x_wconf 89' lang='lat' dir='ltr'><strong>ut</strong></span> 
     </span>
     <span class='ocr_line' id='line_1_75' title="bbox 620 1197 998 1219; baseline 0.005 -6"><span class='ocrx_word' id='word_1_459' title='bbox 620 1202 629 1213; x_wconf 95' lang='lat' dir='ltr'><strong>a</strong></span> <span class='ocrx_word' id='word_1_460' title='bbox 637 1197 705 1218; x_wconf 83' lang='lat' dir='ltr'><strong>pueritia</strong></span> <span class='ocrx_word' id='word_1_461' title='bbox 712 1197 774 1213; x_wconf 80' lang='lat' dir='ltr'><strong>discant</strong></span> <span class='ocrx_word' id='word_1_462' title='bbox 782 1198 832 1213; x_wconf 80' lang='lat' dir='ltr'><strong>Deum</strong></span> <span class='ocrx_word' id='word_1_463' title='bbox 839 1198 930 1218; x_wconf 76' lang='lat' dir='ltr'><strong>aliqualiter</strong></span> <span class='ocrx_word' id='word_1_464' title='bbox 937 1203 998 1219; x_wconf 72' lang='lat' dir='ltr'><strong>cogno-</strong></span> 
     </span>
     <span class='ocr_line' id='line_1_76' title="bbox 620 1222 996 1242; baseline 0.005 -5"><span class='ocrx_word' id='word_1_465' title='bbox 620 1226 670 1240; x_wconf 77' lang='lat' dir='ltr'><strong>scere,</strong></span> <span class='ocrx_word' id='word_1_466' title='bbox 677 1222 729 1238; x_wconf 84' lang='lat' dir='ltr'><strong>colere</strong></span> <span class='ocrx_word' id='word_1_467' title='bbox 735 1226 754 1237; x_wconf 83' lang='lat' dir='ltr'><strong>ac</strong></span> <span class='ocrx_word' id='word_1_468' title='bbox 761 1222 823 1241; x_wconf 77' lang='lat' dir='ltr'><strong>timere,</strong></span> <span class='ocrx_word' id='word_1_469' title='bbox 830 1222 915 1238; x_wconf 87' lang='lat' dir='ltr'><strong>ecclesiam</strong></span> <span class='ocrx_word' id='word_1_470' title='bbox 922 1223 996 1242; x_wconf 77' lang='lat' dir='ltr'><strong>visitare,</strong></span> 
     </span>
     <span class='ocr_line' id='line_1_77' title="bbox 620 1246 997 1268; baseline 0.005 -6"><span class='ocrx_word' id='word_1_471' title='bbox 620 1246 713 1267; x_wconf 83' lang='lat' dir='ltr'><strong>parentibus</strong></span> <span class='ocrx_word' id='word_1_472' title='bbox 724 1248 740 1262; x_wconf 85' lang='lat' dir='ltr'><strong>et</strong></span> <span class='ocrx_word' id='word_1_473' title='bbox 750 1246 841 1263; x_wconf 82' lang='lat' dir='ltr'><strong>senioribus</strong></span> <span class='ocrx_word' id='word_1_474' title='bbox 853 1252 871 1263; x_wconf 80' lang='lat' dir='ltr'><strong>ac</strong></span> <span class='ocrx_word' id='word_1_475' title='bbox 883 1247 997 1268; x_wconf 79' lang='lat' dir='ltr'><strong>superioribus</strong></span> 
     </span>
     <span class='ocr_line' id='line_1_78' title="bbox 620 1271 997 1292; baseline 0.005 -5"><span class='ocrx_word' id='word_1_476' title='bbox 620 1271 696 1287; x_wconf 80' lang='lat' dir='ltr'><strong>honorem</strong></span> <span class='ocrx_word' id='word_1_477' title='bbox 708 1271 847 1292; x_wconf 78' lang='lat' dir='ltr'><strong>obedientiamque</strong></span> <span class='ocrx_word' id='word_1_478' title='bbox 859 1272 958 1292; x_wconf 82' lang='lat' dir='ltr'><strong>impendere,</strong></span> <span class='ocrx_word' id='word_1_479' title='bbox 969 1277 997 1289; x_wconf 88' lang='lat' dir='ltr'><strong>ve-</strong></span> 
     </span>
     <span class='ocr_line' id='line_1_79' title="bbox 620 1295 996 1316; baseline 0.005 -5"><span class='ocrx_word' id='word_1_480' title='bbox 620 1295 692 1314; x_wconf 86' lang='lat' dir='ltr'><strong>recundi,</strong></span> <span class='ocrx_word' id='word_1_481' title='bbox 702 1295 749 1311; x_wconf 76' lang='lat' dir='ltr'><strong>faceti</strong></span> <span class='ocrx_word' id='word_1_482' title='bbox 759 1300 778 1311; x_wconf 82' lang='lat' dir='ltr'><strong>ac</strong></span> <span class='ocrx_word' id='word_1_483' title='bbox 789 1296 887 1312; x_wconf 82' lang='lat' dir='ltr'><strong>formidolosi</strong></span> <span class='ocrx_word' id='word_1_484' title='bbox 900 1297 996 1316; x_wconf 81' lang='lat' dir='ltr'><strong>consistere,</strong></span> 
     </span>
     <span class='ocr_line' id='line_1_80' title="bbox 620 1320 998 1343; baseline 0.008 -7"><span class='ocrx_word' id='word_1_485' title='bbox 620 1322 636 1336; x_wconf 84' lang='lat' dir='ltr'><strong>et</strong></span> <span class='ocrx_word' id='word_1_486' title='bbox 642 1322 721 1341; x_wconf 69' lang='lat' dir='ltr'><strong>praecepta</strong></span> <span class='ocrx_word' id='word_1_487' title='bbox 731 1321 820 1336; x_wconf 80' lang='lat' dir='ltr'><strong>secundum</strong></span> <span class='ocrx_word' id='word_1_488' title='bbox 828 1320 924 1341; x_wconf 74' lang='lat' dir='ltr'><strong>exigentiam</strong></span> <span class='ocrx_word' id='word_1_489' title='bbox 932 1326 951 1338; x_wconf 77' lang='lat' dir='ltr'><strong>ae</strong></span> <span class='ocrx_word' id='word_1_490' title='bbox 959 1327 998 1343; x_wconf 73' lang='lat' dir='ltr'><strong>pm-</strong></span> 
     </span>
    </p>
   </div>
  </div>
 </body>
</html>
