1079 1569
243 129 274 145 306

243 176 307 192 assidue
317 176 405 192 invocando
416 178 434 192 nt
445 176 526 192 caritatem
535 181 580 192 suain
591 181 618 192 au·
624 176 638 192 Α
646 176 818 197 circumscriptibiliter
825 175 1004 196 bonus,dulcis,puleher‚

243 203 279 222 gest
290 203 306 217 et
316 201 407 217 inflammet
417 202 434 217 in
445 206 467 217 se.
478 201 556 220 Secundo,
564 201 618 217 omnia

243 225 285 242 bona
293 231 328 247 quea
335 226 373 246 agit,
379 228 395 242 et
402 226 469 248 adversa
476 231 511 246 quae
519 226 592 245 sustinet,
598 226 617 241 ad

242 250 270 266 Dei
283 255 354 267 amorem
364 255 383 266 ac
393 250 533 267 honorificentiam
545 250 618 266 ordinan-

242 275 268 294 do,
276 275 307 291 hoc
316 278 345 294 est,
354 275 414 291 idcirco
424 275 478 291 omnia
488 275 515 291 illa
525 275 591 296 agendo,
600 277 617 290 ut

242 304 271 320 per
282 305 300 316 ea
311 300 352 316 Deus
363 300 450 316 altissimus
463 300 554 318 honoretur,
565 304 617 315 suarn-

242 329 274 345 que
282 324 384 340 dilectionem
394 325 410 340 in
416 325 436 340 'se
444 329 502 345 augere
510 329 528 340 ac
539 324 617 345 perficere

242 349 287 365 omni
297 349 324 365 die
335 349 414 370 dignetur.
423 349 480 368 Tertio,
491 354 528 365 oum
539 349 583 365 omni
594 349 617 364 di-

242 374 307 394 ligentia
319 378 383 395 semper
395 374 459 390 vitando
471 378 577 395 quiscumque
589 373 617 389 ali-

241 403 274 419 quo
286 398 333 414 modo
347 398 433 419 displicent
445 399 482 417 Deo,
495 398 570 414 videlicet
584 402 616 414 non

241 423 294 439 solum
305 423 383 442 mortalia,
391 423 419 439 sed
427 423 495 439 venialia
505 427 569 444 quoque
580 427 616 444 pec«

242 449 282 466 cata,
292 448 370 466 levitates,
380 447 556 468 consolatiunculasque
567 449 616 463 ferre-

242 477 276 491 nas,
289 474 305 488 et
317 472 421 493 negligentias
433 472 538 493 quotidianas.
551 472 614 491 Quarto,
625 472 637 488 Β
645 471 676 487 Deo
688 471 733 487 Patre
745 471 813 489 volente,
824 473 840 487 et
851 471 909 487 Sancto
921 471 977 492 Spiritu
986 475 1003 486 re

241 496 328 512 virtutibus
337 499 401 513 strenue
409 497 488 512 studendo
495 501 513 512 ac
521 496 615 516 insistendo,

241 523 289 542 atque
303 522 323 537 ad
338 521 390 537 cordis
405 521 499 537 munditiam
514 521 615 542 suspirando,

241 546 271 562 boc
286 548 315 565 est,
330 546 416 562 laborando
432 550 460 567 pro
475 546 615 562 reformationibus

241 570 340 591 passionum,
346 575 375 591 pro
382 570 495 592 exstirpatione
502 570 575 586 omnium
584 575 616 587 mo-

240 597 286 611 tuum
294 595 379 616 superbias.
388 595 420 614 iroe,
429 595 537 616 impatientiae,
545 595 616 616 indigna-

240 620 294 639 tionis,
302 620 420 638 amaritudinis,
428 620 524 635 carnalitatis
532 624 551 635 ac
558 620 615 641 tepidi-

240 645 280 662 tatis
284 649 313 665 pro
321 645 419 660 incremento
426 649 444 660 ac
452 644 549 660 radicatione
556 647 615 661 sanctie

240 669 340 688 humilitatis,
353 674 394 685 νει-ω
409 669 542 687 mansuetudinis,
555 669 615 690 patien-

239 694 271 712 tioe,
287 694 376 709 dulcedinis
391 698 410 709 ac
424 695 493 709 sti-enum
507 693 582 714 agilitatis
597 694 614 709 in

239 718 302 734 cunctis
314 718 342 734 Dei
355 718 436 739 operibus.
449 718 506 734 Omnia
518 718 578 734 etenim
593 718 614 734 is-

239 745 255 759 ta
264 743 283 759 ad
293 743 363 759 caritatis
373 743 463 763 profectum
471 747 490 758 ac
498 743 613 763 perfectionem

238 767 326 788 disponunt
333 771 351 783 ac
359 767 514 788 requiruntur:quia
522 772 553 783 non
561 767 613 783 solum
622 767 633 784 C
641 767 730 788 poterimus
739 772 816 786 crescere,
825 769 841 783 et
850 767 873 783 sic
883 767 900 783 in
910 772 929 784 eo
938 768 1002 783 debemus

239 792 305 811 invidia,
313 792 341 808 sed
350 794 367 808 et
376 792 429 808 omnis
438 792 510 808 mortalis
520 792 572 813 culpa,
581 797 614 808 om-

238 817 263 832 nis
276 817 376 833 irrefrenatio
388 817 486 838 passionum,
498 817 551 833 omnis
563 817 613 837 negli-

237 842 291 862 gentis
299 841 397 862 venialisque
408 841 461 862 culpa,
469 841 531 857 caritati
541 843 568 857 aut
577 842 613 862 ejus

238 866 337 882 incremento
347 868 395 887 atque
404 866 463 882 fervori
474 868 556 887 repugnat.

257 891 320 909 Quinto,
329 891 417 906 insistendo
424 890 547 906 considerationi
556 895 612 906 eorum

237 920 273 936 qua
284 915 366 931 caritatem
381 915 430 934 olunt,
443 917 506 935 augent,
520 915 611 936 perficiunt,

237 940 267 956 boc
279 942 304 956 est
315 940 438 956 considerationi
450 939 518 956 infinita
530 939 611 959 bonitatis,

237 964 346 984 amabilitatis,
352 964 482 985 pulchritudinis,
488 964 583 983 dulcedinis,
589 969 613 980 sa-

238 990 302 1010 pientire
310 989 445 1010 perfectionisque
453 989 486 1005 Dei.
494 989 564 1007 Quorum
572 994 609 1005 con-

237 1014 313 1030 sideratio
322 1014 469 1035 incomparabiliter
479 1016 530 1034 potest
539 1016 556 1030 et
565 1014 613 1030 debet

238 1039 254 1055 in
269 1039 315 1055 nobis
330 1039 417 1055 accendere
429 1038 457 1054 Dei
471 1043 548 1057 amorem,
561 1043 612 1059 quum

237 1064 297 1080 bonurn
305 1064 326 1080 sit
332 1063 392 1079 amoris
399 1063 506 1083 objectum,et
513 1064 613 1084 unumquod-
619 1064 632 1080 D
640 1065 655 1079 et
671 1063 750 1084 promisse
766 1063 817 1084 ipsius
833 1063 924 1080 referantur
937 1068 971 1084 pum
984 1063 1000 1078 ad

238 1093 269 1109 que
281 1090 343 1104 tantum
356 1088 413 1104 haheat
424 1087 443 1103 de
454 1087 551 1103 amabilitate
563 1093 612 1109 quan-

237 1115 272 1129 tum
282 1113 302 1129 de
311 1112 387 1131 bonitate,
396 1112 520 1133 pulchritudine,
528 1113 611 1132 suavitate,

238 1137 321 1159 sapientia,
331 1137 435 1158 perfectione.
443 1136 508 1157 Propter
518 1137 561 1157 quod
570 1137 612 1153 Deus

238 1163 316 1183 gloriosus
326 1164 342 1178 et
350 1161 445 1180 adorandus,
453 1161 558 1178 essentialiter
566 1164 582 1178 et
589 1162 612 1178 in-

382 134 456 146 nonnum
467 134 589 146 smumsssmm
599 138 619 141 —
629 134 650 145 AB
660 133 758 149 aaumosnsg
769 133 818 145 SEMO
828 133 885 145 senus

645 201 724 220 arna-bilis,
734 201 792 221 justus,
803 201 844 222 pius,
854 200 918 221 sapiens
930 202 946 216 et
959 200 1003 218 laeuus.

645 227 669 241 est
676 230 738 241 summe
746 228 761 241 et
769 225 916 246 incomparabiliter
923 225 1003 245 diligendus.

645 250 710 269 Deinde,
723 250 811 266 insistendo
823 250 946 266 considerationi
962 250 1003 265 amorii

644 275 701 293 divini,
710 279 742 295 quo
750 275 784 295 ipse
792 274 917 295 benignissimus
926 274 968 290 Deus
974 274 1004 295 prior

644 299 700 315 dilexit
709 304 744 318 nus,
752 301 768 315 et
777 304 806 315 sua
816 299 884 320 gratuita
893 304 912 315 ac
923 298 1003 314 munificen-

644 324 706 339 tissima
720 324 785 340 caritate
799 324 877 345 praevenit
890 328 925 342 nos,
940 323 978 339 sicut
989 324 1003 339 ait

643 348 711 364 loannes
719 348 800 369 apostulus
808 353 812 364 2
821 348 909 369 Diligarnus
916 348 971 366 Deum,
977 353 1003 368 qun
1009 354 1040 367 u-u.

644 373 687 388 niam
695 373 730 394 ipse
738 373 781 394 prior
788 373 844 389 dilexit
851 377 885 389 nos.
891 373 973 393 Deinceps,
978 377 1003 388 con-
1008 371 1017 381 ”⁴

644 397 728 413 siderando
735 397 809 413 universa
816 397 896 413 beneficia
903 398 930 413 Dei
938 397 1003 418 generalia

644 424 660 437 et
670 422 751 443 specialia,
761 422 849 443 corporalia
861 424 877 437 et
887 422 978 442 spiritualia,
985 427 1004 437 na-

643 447 701 462 turalia
713 448 729 462 et
740 447 867 467 supernaturalia
877 451 881 462 2
894 446 963 462 maxime
973 447 1003 467 quod

644 498 724 516 operante,
735 496 829 516 Unigenitus
838 496 866 511 Dei
877 497 900 511 tot
910 498 926 511 et
936 498 975 511 tanta
983 500 1003 516 pm

643 523 697 536 nostra
707 520 758 536 salute
768 521 860 541 assumpsit,
868 520 908 536 fecit
917 525 936 536 ac
946 521 1003 541 pertulit>

643 547 659 561 et
668 545 711 566 quod
721 545 763 561 Deus
774 545 819 561 toties
831 545 877 561 nobis
888 545 963 566 pepercit,
971 545 1003 565 igno·

642 570 671 588 vit,
687 572 752 591 tamque
769 570 917 586 misericordissime
933 570 1003 585 nobiscum

642 595 679 615 egit.
689 595 775 614 Postremo,
786 595 901 611 considerando
912 595 939 611 Dei
949 595 1003 615 promis

642 624 660 635 sa
668 624 671 635 :
680 620 718 640 quia
725 624 755 635 nec
762 619 818 635 oculus
828 619 873 638 vidit,
881 624 912 635 nec
922 620 963 635 auris
969 620 1003 635 audi·
1010 626 1035 637 ιω,

642 644 670 663 vit,
679 649 708 660 nee
719 644 735 659 in
746 648 774 660 cor
784 644 853 660 bominis
861 644 970 663 ascenderunt,
976 642 1034 665 quem-¹

642 668 688 684 nobis
698 669 793 689 proeparavit
802 668 818 684 in
828 669 878 684 coelis.

661 693 697 709 Flaec
708 693 763 709 omnia
774 693 878 709 ineffabiliter
889 696 955 714 possunt
963 696 976 709 et
983 693 1002 709 dt-

641 717 680 733 bent
688 718 769 733 caritatem
777 718 805 733 Dei
814 718 831 733 in
841 718 888 734 nobis
895 718 953 737 fovere,
961 718 1003 734 firma·

642 747 663 761 re,
669 747 732 763 augere,
737 742 850 763 perficere.Sic
858 747 896 763 ergo
904 743 920 759 in
927 743 954 759 Dei
960 747 1002 759 amore

641 791 739 807 incessanter
751 792 834 813 proficere.
849 792 892 808 latud
905 792 926 808 sit
937 792 1002 813 quandia<

641 821 680 831 num
691 816 785 832 exercitium
796 818 874 835 nostrum,
882 817 1002 838 diligentissimus

641 840 690 859 labor,
697 841 781 862 occupatio
788 846 851 857 summa
856 841 925 862 :alioqui
932 841 1002 862 superfici-

640 865 673 881 ales
681 867 697 881 et
704 866 771 884 externi,
776 866 823 881 rudes
831 866 918 887 frigidique
926 870 1000 882 manemus.

660 890 737 906 Praeterea
745 895 794 911 purus
802 891 830 906 Dei
837 895 882 906 amor
890 893 954 912 est,quo
960 891 1002 911 ipsum

641 912 706 935 propter
717 920 762 930 suam
775 915 862 931 bonitatem
874 915 965 931 immensam
973 915 1002 930 dili-

640 939 698 960 gimus,
709 941 725 955 et
735 939 750 955 ei
763 942 828 961 propter
840 940 922 961 propriam
933 945 972 956 suam
982 939 1002 955 di>

640 964 717 984 finitatem
732 969 750 980 ac
766 964 865 981 sanctitatem
881 965 962 983 servimus,
975 968 1002 980 non

640 989 719 1005 mercedis
727 989 791 1005 intuitu.
797 989 847 1005 Deum
855 992 910 1006 autem
918 992 975 1011 propter
982 989 1002 1004 be-

640 1013 698 1029 neficia
709 1016 725 1029 et
736 1014 814 1035 promisse
825 1019 854 1030 sua
865 1014 937 1035 diligere,
947 1019 972 1030 noa
982 1015 1002 1029 est

640 1038 701 1054 sincere
712 1040 728 1054 et
739 1038 809 1059 perfecto
821 1044 879 1058 amare,
891 1039 922 1055 nisi
934 1038 1002 1055 beneficia

639 1087 698 1108 ipsum,
707 1088 724 1103 in
734 1090 811 1108 quantum
819 1088 894 1104 videlicet
904 1089 938 1104 sine
946 1088 965 1104 eis
972 1087 1001 1103 Deo

639 1112 709 1133 perfecte
719 1112 761 1128 uniri
769 1115 785 1128 et
792 1113 871 1129 cohaerere
880 1118 912 1129 non
921 1117 999 1134 possumus,

639 1137 655 1152 Si
663 1137 686 1153 sic
694 1137 710 1152 in
718 1137 746 1153 Dei
754 1137 870 1158 profecerimus
877 1138 965 1156 caritate,ab
970 1137 1001 1158 ipso

638 1162 753 1182 gloriosissime
765 1162 878 1178 coronabimur
891 1163 907 1179 in
919 1162 998 1179 aetemitate.
