1079 1569
232 119 263 135 558

416 124 490 136 nuntium
501 123 517 135 nt
528 123 587 135 octava
598 123 665 135 Pascmss.
676 128 696 131 —
706 123 755 135 sumo
765 124 828 136 'rnnus

232 165 259 181 bet
271 170 294 184 se,
303 166 330 181 sed
339 165 449 186 passionibus,
459 166 489 182 hoe
501 167 525 181 est
537 165 607 186 praetaiis
614 165 627 181 A
635 167 692 186 gerunt
700 165 716 181 in
724 166 783 184 animo,
791 166 838 187 eique
848 166 940 182 cordialiter
947 171 1002 187 compa-

232 190 334 206 sensualibus
349 192 365 206 et
379 190 515 206 irrationabilibus
531 190 606 209 motibus,

232 215 320 235 acquiescit
327 220 345 230 ac
352 215 428 233 vincitur,
436 215 489 235 potius
497 215 548 230 bestia
554 217 579 230 est
585 214 608 230 di-

232 239 293 255 cendus
305 244 353 260 quam
364 239 412 255 homo
421 244 425 255 :
435 239 467 255 imo
479 239 607 260 incomparabili-

232 266 256 280 ter
268 266 285 279 et
296 264 400 280 ineffabiliter
411 264 456 285 pejor
466 269 484 280 ac
494 264 541 280 vilior
551 264 607 280 hestiis

232 291 256 305 est
267 288 361 304 censendus.

254 313 325 329 Tertium
338 313 436 329 heneficium
450 313 492 334 qnod
505 313 576 329 Christus
590 313 606 328 in

231 338 261 353 hac
273 338 373 359 apparitione
385 338 464 359 impendit
476 338 561 359 Apostolis,
570 337 606 356 suit,

231 363 274 383 quod
285 363 354 378 ostendit
365 363 388 378 eis
399 367 461 381 manus,
473 363 514 378 latus
525 364 541 378 et
552 362 605 383 pedes.

231 387 288 403 Totum
299 387 374 408 equidem
385 392 402 403 se
413 387 483 403 ostendit
493 387 525 407 eis3
534 388 561 403 sed
573 387 606 403 baec

232 412 304 428 membra
315 412 338 428 eis
349 412 440 433 specialiter
451 412 539 428 ostendisse
551 411 607 428 usseri—

231 438 263 455 tur,
271 437 309 457 quia
319 437 335 452 in
345 437 368 452 eis
378 437 460 452 cicatrices
470 437 542 457 quinque
552 436 606 452 vulne-

635 190 702 209 tinntur,
715 192 762 211 atque
774 195 811 206 cum
826 191 861 211 ipso
873 191 933 206 ssluhri
945 191 1002 207 tristitia

634 214 734 233 afficiuntur,
742 220 771 231 sua
782 220 801 231 ac
813 216 923 236 proximorum
935 215 1003 231 deflendo

636 241 704 259 peccata.
713 239 753 255 Hinc
762 240 785 255 ait
791 240 877 260 Apostolus
885 244 889 256 2
898 240 943 256 Sicut
950 240 1032 261 passio-tm
1050 251 1055 256 ι,

635 269 663 279 nes
677 264 735 280 Christi
749 264 832 280 abundant
845 265 861 280 in
877 265 929 283 nobis,
944 265 964 281 ita
978 270 1003 286 per

635 288 715 304 Christum
729 289 799 305 abundat
814 289 901 305 consolatio
915 291 977 309 nostru
989 292 1002 305 et

635 318 695 332 rursus,
703 314 761 329 Scitote
770 314 845 334 quoniam
853 314 895 330 sicut
902 314 941 330 socii
949 315 1003 335 passic-
1013 320 1046 331 mx.

635 342 673 353 num
685 338 729 355 estis,
738 338 760 354 sic
771 338 816 353 eritis
827 340 843 354 et
854 338 970 354 consolationis.
978 339 1004 354 Ve

635 366 670 377 rum
683 362 707 377 liis
718 362 829 383 spiritualibus
840 363 973 379 consolationibus
983 365 1003 379 at·

634 391 665 407 que
683 386 742 402 lmtitiis
760 387 834 407 indignos
850 392 867 403 se
885 389 962 406 statuunt,
978 388 1003 409 qui

633 411 679 431 jocis,
688 411 736 430 ludis,
745 412 875 430 scurrilitatibus,
886 412 1004 433 loquacitatibus

634 437 661 451 aut
673 436 770 452 vanitatibus
784 438 846 455 vacant,
859 437 887 457 qui
900 439 944 452 extra
957 437 1003 453 Deum

232 466 268 477 rum
281 463 408 482 permanserunt,
419 466 458 482 quas
470 461 494 477 eis
506 461 605 477 monstravit.
616 460 627 476 B
634 463 708 481 quaerunt
716 461 791 476 delectari
801 463 829 477 aut
838 462 911 477 recreari.
920 462 957 477 Ideo
966 462 980 477 in
988 462 1004 477 li-

232 486 284 502 Simili
298 486 345 502 modo
359 486 398 502 dum
410 486 482 502 Christus
497 486 530 501 suis
545 485 606 501 devotis

232 511 310 526 ministris
317 511 384 531 gratiam
392 516 424 527 suas
432 511 527 526 visitationis
537 515 555 526 ac
563 510 607 531 pacis

232 535 306 551 mentalis
314 533 454 554 communicamus
461 535 503 556 quod
511 540 548 550 eum
556 535 607 551 since-

232 560 270 576 riter
281 560 409 581 contemplantur
419 562 494 581 tanquam
504 560 562 575 Filium
572 559 606 578 Dei,

232 587 247 601 et
255 585 271 601 in
280 585 315 605 ipso
324 585 394 600 suaviter
404 584 606 605 conquiescunt,'protinus

231 610 255 625 eis
264 609 348 625 ostendere
358 609 399 625 solet
409 609 449 625 latus
459 614 512 627 suurn,
521 613 577 624 manus
588 613 606 624 ac

231 634 286 655 pedes,
294 634 324 650 hoc
336 636 361 649 est
373 634 451 655 passionis
463 639 495 650 suas
506 633 606 652 memoriam,

231 659 317 675 vulnerum
325 659 473 677 considerationem,
482 661 498 674 et
506 660 565 679 quanta
572 658 606 679 ipse

231 688 260 704 pro
271 683 336 699 humani
347 683 410 704 generis
420 683 529 704 redemptione
541 683 579 699 tecit
588 687 606 698 ae

232 708 303 729 pertulit.
316 710 334 724 ut
346 708 425 724 beneficia
438 708 467 724 Dei
481 708 578 726 intueantur,
591 709 607 723 et

231 733 271 753 grati
286 737 321 748 esse
336 732 412 748 nitantur,
425 733 445 748 Ut
457 737 495 753 ergo
507 732 606 748 Christianus

634 485 664 501 bro
673 485 702 501 Job
713 485 772 501 dicitur
780 490 784 501 :
792 486 874 506 Numquid
884 486 944 506 grande
955 488 978 502 est
989 488 1005 502 ut
1010 491 1055 502 unz..

634 510 725 526 consoletur
736 512 751 526 te
764 510 815 526 Deus?
823 511 851 526 sed
863 511 912 526 verba
923 513 950 527 tua
961 516 1005 532 prava

634 535 665 550 hoc
677 535 767 555 prohibent.
775 535 900 551 Contemnamus
913 535 961 556 igitur
971 540 1005 552 con-

634 559 719 575 solationes
730 559 806 578 carnales,
814 560 927 576 dissolutiones
937 565 955 576 ae
965 560 1005 576 vani-

634 586 680 602 tates,
689 586 706 599 ut
715 589 806 600 mereamur
813 584 891 600 divinitus
901 585 984 603 consolari,
991 587 1005 601 et

634 611 697 629 gustare
705 614 754 629 quarn
761 609 813 625 dulcis
821 611 845 625 est
852 609 900 628 Deus,
908 610 963 630 sinque
971 615 1005 626 cum

634 633 692 654 gaudio
704 634 764 649 servire
776 634 864 653 Altissimo,
875 634 948 655 bonaque
960 639 1005 655 opera

634 658 750 674 delectabiliter
760 663 811 678 agere.

653 683 729 701 Quintum
738 682 835 698 beneficium
843 683 926 704 fuit,quod
934 685 970 704 post
976 688 1006 699 orn-

635 707 661 723 nia
670 707 704 728 jam
716 707 790 728 praedieta
802 712 858 723 rursus
868 708 909 723 dixit
918 708 1005 728 Apostolis:

634 732 664 747 Pax
672 731 723 747 vobis.
728 732 805 747 Similiter
813 732 884 748 Christus
892 733 926 748 suis
933 732 1006 748 fidelibus

232 762 269 773 vere
276 759 330 778 gratus
338 757 359 773 sit
366 757 434 776 Christo,
443 757 490 773 debet
499 757 549 777 ipsius
557 758 606 772 totam
615 756 626 772 C
634 760 666 772 non
674 756 725 772 solum
734 756 800 776 largitur
808 761 864 777 pacem
872 757 940 777 pectoris
947 757 963 773 in
971 762 1007 778 prux

231 787 250 798 ac
257 782 374 798 amarissimam
382 782 472 803 passionem
480 781 523 797 cordi
532 786 561 797 suo
568 781 607 797 al'l'e-

232 809 287 823 ctuose
297 807 390 825 inscribere,
399 811 417 822 ac
427 807 519 827 frequenter
529 806 574 822 valde
584 811 608 822 re-

233 832 302 850 volvere,
316 833 333 847 ut
345 832 403 848 Christi
416 831 474 847 intuitu
487 836 505 847 ac
517 835 577 849 amore,
590 831 606 846 in

232 856 355 872 adversitatibus
367 856 448 876 glorietur,
457 860 547 876 corpusque
559 860 606 871 suum

232 886 269 897 cum
282 880 326 896 vitiis
337 882 353 896 et
365 880 499 901 concupiscentiis
512 880 607 900 crucifigere

232 905 341 921 indesinenter
356 907 427 923 conetur,
440 904 575 925 quemadmodum
590 904 606 920 iu

203 938 224 947 nn.
232 930 301 946 Canticis
313 930 386 946 hortatur
397 929 468 945 Salvator
481 933 485 945 z
497 929 538 945 Pone
551 933 576 944 me
589 930 607 944 ut

232 954 332 975 signaculum
340 958 389 974 super
396 958 423 969 cor
429 953 515 969 tuum.}!oc
523 953 562 969 tecit
568 953 607 973 Apo-

166 984 205 995 anmi
210 987 225 997 vu,
232 980 282 995 stolus
294 983 297 994 :
311 979 343 999 Ego
355 978 444 999 (inquiens)
455 978 529 999 stigmata
543 978 607 994 Domini

231 1004 267 1020 Jesu
279 1004 295 1019 in
307 1008 372 1024 corpore
383 1007 419 1019 meo
430 1004 479 1024 porto⁴
492 1003 532 1018 Hinc
543 1003 559 1018 in
572 1007 607 1023 per·

162 1034 226 1060 ἕπῃ.
232 1033 271 1044 sona
278 1028 336 1044 Christi
344 1028 366 1043 ait
373 1028 438 1048 quidam
446 1028 512 1043 devotus
521 1032 525 1043 z
533 1027 545 1043 Ο
553 1027 606 1046 homo,

634 781 681 799 senti,
696 781 724 797 sed
740 781 806 802 insuper
819 781 843 797 eis
858 782 938 802 promittit
953 787 1005 803 pacem

634 805 726 821 [eternitatis
739 806 755 821 in
768 806 817 821 coelis.
827 806 849 821 De
861 811 893 826 qua
905 811 944 827 paee
957 809 1005 827 potest

634 830 685 851 accipi
700 830 740 846 illud
752 830 823 851 Apostoli
836 835 840 846 ι
853 830 884 846 Pax
896 831 960 850 Christi,
972 836 1006 852 qua
1012 837 1056 850 ιιι-,π

634 857 718 875 exsuperat
725 859 789 870 omnem
797 860 869 874 sensum,
875 856 954 871 custodiat
961 856 1006 872 corda
1012 853 1021 862 ¹*

634 881 690 895 vestra⁴
699 879 730 895 Pax
739 879 783 895 enim
794 879 893 898 aeternitatis,
901 882 926 896 est
934 881 1006 896 suavissi-

634 909 660 919 ma
670 904 715 925 quies
725 906 741 919 et
750 904 883 925 imperturbabile
891 905 966 925 gaudium
976 910 1007 926 quo

634 933 689 944 omnes
697 928 740 944 Beati
749 928 764 944 in
773 928 814 944 ctelo
822 929 938 949 conquiescunt
944 932 1008 946 aterna-

635 953 671 969 liter
682 953 836 974 inavertibiliterque
849 953 865 969 in
877 953 914 969 Deo.
923 954 952 969 Pax
964 954 1007 969 enim

635 978 698 994 realiter
710 978 752 993 idem
763 980 787 993 est
799 978 842 998 quod
853 978 935 998 gaudium,
943 979 970 994 sed
980 984 1007 994 su-

635 1003 707 1023 peraddit
721 1003 779 1023 gaudio
794 1003 958 1023 imperturbationem*
970 1003 1007 1019 Ideo

634 1027 651 1043 iu
661 1027 690 1043 hac
700 1027 733 1043 vita
742 1031 774 1043 uon
784 1029 836 1048 potest
846 1032 882 1043 esso
892 1032 923 1048 pax
934 1028 979 1048 plena
988 1033 1007 1043 aa:

210 1055 226 1076 d}
233 1053 269 1069 vide
276 1058 312 1074 quoe
319 1057 348 1074 pro
356 1055 371 1068 te
379 1053 434 1073 patior(
439 1052 473 1068 Non
482 1054 505 1068 est
513 1052 558 1068 dolor
565 1052 607 1068 sicut
614 1053 627 1068 D
634 1052 701 1070 stabilis,
709 1052 785 1072 quoniam
793 1052 855 1072 gaudiis
864 1052 973 1073 spiritualibus
979 1053 1007 1068 de·

232 1078 277 1094 dolor
288 1082 320 1098 quo
331 1077 399 1093 crucior.
411 1077 435 1093 Ad
447 1079 463 1093 te
474 1077 525 1093 clamo
537 1077 565 1097 qui
578 1081 606 1097 pro

232 1105 248 1119 te
260 1103 320 1119 morior
333 1107 336 1118 :
350 1102 386 1118 vide
398 1106 453 1123 poenas
466 1101 525 1122 quibus
537 1101 606 1120 afficior,

232 1128 269 1144 vide
284 1128 337 1143 clavos
351 1127 410 1148 quibus
424 1126 511 1142 confodior.
525 1126 544 1141 Et
556 1131 606 1147 quurn

232 1155 285 1168 tantus
295 1152 315 1168 sit
326 1152 370 1168 dolor
379 1151 452 1169 exterior,
461 1151 512 1171 maior
519 1153 573 1166 tamen
583 1153 607 1166 est

231 1177 277 1193 dolor
284 1177 355 1195 interior,
363 1181 413 1197 quum
424 1178 439 1192 te
448 1178 480 1191 tam
491 1175 570 1196 ingratum
580 1180 606 1191 ex-

232 1202 290 1223 perior,

251 1227 328 1245 Quartum
336 1225 434 1241 beneficium
442 1225 478 1243 luit,
487 1225 529 1246 qnod
537 1225 607 1245 discipu-

232 1251 255 1267 los
270 1255 308 1267 suos
322 1250 426 1271 spiritualiter
440 1249 486 1265 valde
501 1249 589 1265 laetilicavit
602 1254 606 1265 z

232 1276 282 1296 gavisi
290 1275 333 1291 euim
342 1276 379 1291 sunt
386 1274 467 1295 discipuli,
472 1274 506 1290 viso
513 1274 580 1290 Christo⁴
585 1274 607 1289 Si-

232 1301 292 1316 militer
300 1300 372 1316 Christus
379 1299 435 1315 fideles
442 1303 478 1314 suos
486 1299 529 1314 intus
537 1298 607 1314 laetiticat

232 1327 248 1343 et
255 1325 324 1341 dulciter
331 1324 426 1342 consolatur,
434 1323 461 1344 qui
471 1323 507 1343 ejus
516 1323 607 1344 passionem

635 1079 708 1092 votorum
725 1077 772 1092 varim
790 1076 859 1092 tristitias
875 1081 893 1092 ac
910 1077 1007 1093 turbationes

634 1101 706 1122 quiedam
721 1101 814 1120 miscentur,
829 1106 879 1122 quum
894 1103 911 1117 et
925 1102 1007 1122 Apostolus

634 1126 676 1142 dicat
688 1130 692 1142 t
704 1126 755 1146 Supra
767 1126 832 1141 modurn
844 1126 905 1146 gravati
918 1131 980 1146 sumus;
991 1129 1040 1142 etur*
1051 1131 1054 1135 ·

634 1151 692 1169 denuo,
700 1151 744 1167 Foris
756 1155 819 1171 pugnae,
830 1151 873 1166 intus
884 1151 953 1167 timores.
961 1152 1031 1167 Poi-mm
1037 1158 1042 1164 r

635 1175 651 1191 in
660 1175 700 1191 coelo
707 1177 731 1191 est
739 1180 784 1196 pura,
790 1175 838 1196 plena
844 1177 892 1196 atque
900 1178 958 1192 aeterna
965 1181 994 1197 pax
1002 1181 1006 1191 :

634 1205 670 1221 quaa
681 1200 733 1220 qualis
743 1202 759 1215 et
771 1202 830 1220 quanta
842 1200 868 1218 sit,
881 1200 935 1216 nullus
947 1200 963 1216 in
975 1201 1007 1216 rita

634 1225 664 1240 hac
676 1225 722 1245 plene
734 1224 870 1245 comprehendere
880 1225 928 1241 valet.
938 1225 960 1241 Ex
972 1230 1007 1241 con-

634 1249 737 1270 templatione
747 1249 822 1270 equidem
832 1249 859 1265 Dei
870 1250 921 1265 oritur
927 1250 962 1270 ejus
970 1250 1007 1266 dileL

635 1274 672 1292 ctio,
680 1276 696 1289 et
705 1279 724 1289 ex
734 1276 800 1294 utraque
810 1274 882 1294 procedit
892 1279 923 1294 pax
933 1276 1006 1295 tanquam

635 1298 738 1314 beatitudinis
751 1298 886 1319 complementum
898 1303 903 1314 :
914 1299 954 1317 ideo,
966 1299 1007 1315 sicut

635 1323 713 1339 beatificis
721 1323 859 1344 contemplationis
866 1323 958 1339 Sanctorum
965 1324 1008 1340 clari·
