1079 1569
166 543 169 554 Ι
175 543 207 554 mar.
212 547 223 556 ιι,

157 560 173 570 ιι.

233 121 264 138 588

359 127 433 139 munuca
444 127 455 139 11
465 127 502 139 POST
513 126 577 139 raama*
587 131 608 134 —
618 126 639 138 ΑΒ
649 125 747 141 Βηίωοδὺἓῇ
758 125 807 137 Sfflo
817 125 881 140 QUINTUS

233 169 297 185 malum⁴
304 169 344 188 Quid
352 171 377 186 est
384 175 415 186 non
422 170 466 186 vinci
474 175 483 186 a
490 169 543 185 maloi
550 169 606 185 Nonne
613 168 626 184 A
635 169 687 187 debet,
696 168 737 184 sicut
747 168 774 184 ille
783 168 877 187 ambulavit,
885 170 901 184 et
911 168 946 189 ipse
954 168 1001 184 ambu-

232 196 309 215 martyres
317 195 367 210 sancti
375 195 395 210 ab
403 194 457 215 impiis
465 194 550 212 interfecti,
556 199 566 209 a
574 198 606 209 ma>

232 218 252 234 lis
259 220 297 234 sunt
304 219 353 235 viem
361 219 454 238 Dicendum,
462 219 505 240 quod
513 218 539 234 ille
547 223 556 234 a
564 218 606 234 malo

231 248 263 259 non
272 243 347 262 vincitur,
355 244 383 264 qui
390 244 456 259 alterius
466 243 573 264 improbitate,
582 243 605 259 in-

231 268 279 288 juria,
287 268 390 287 detractione,
397 268 462 287 malitia,
468 268 570 289 negligentia,
576 270 606 284 tar-

231 292 286 311 ditate,
294 297 325 308 non
334 295 434 313 provocatur,
442 297 474 309 non
484 293 604 311 scandalizatur,

232 321 264 333 non
279 317 385 338 perturbatur.
396 318 425 336 Oui
437 322 475 333 vero
490 320 533 333 tanta
547 317 606 333 sereni-

232 344 269 359 tate,
281 342 362 362 patientia,
374 342 465 360 stabilitate,
477 342 604 360 mansuetudine,

232 366 302 384 caritate.
310 367 369 387 pietate
381 369 396 382 et
408 367 488 382 alacritate
500 367 577 382 solidatur
588 367 604 382 in

231 391 269 409 Deo,
277 391 361 407 roboratur
368 392 384 407 in
392 392 451 410 animo,
459 392 543 408 decoratur
550 392 566 407 in
574 396 605 408 coz>

231 416 330 437 nobimquod
337 416 405 432 aliorum
414 419 469 432 contra
476 421 493 432 se
500 418 528 432 aut
535 416 605 437 reliquos

231 443 324 461 conceptam
337 441 467 462 indignationem,
480 441 604 462 displicentiam,

634 193 666 209 lare
672 194 678 209 7
685 193 748 209 Utinam
756 193 782 209 isti
790 193 820 209 rite
827 193 910 209 advertant
917 193 960 213 quod
967 198 1000 209 asse

634 218 655 234 rit
665 218 715 234 ludex
727 222 731 233 z
742 218 775 236 Qua
787 223 862 234 mensura
873 218 925 234 mensi
938 217 999 235 fueritis,
1008 224 1049 238 nan..

633 243 726 259 remetietur
731 243 785 262 vobis;
793 245 809 258 et
817 243 833 258 in
841 247 873 263 quo
879 242 942 263 jndicio
947 242 1000 263 judica-
1005 241 1012 250 ¹

633 268 694 286 veritis,
701 267 800 288 judicabitur
807 267 827 283 de
834 267 885 283 vobis⁴
893 267 961 282 Videant
969 271 1001 287 eigo

633 294 680 313 atque
692 292 786 313 provideant
798 296 818 307 ae
829 291 963 312 quemadmodum
975 291 1000 312 ipsi

633 316 750 337 injuriuncnlas
757 316 788 332 sibi
799 316 848 332 factas
858 316 941 337 replicant,
949 316 1001 337 ponde

633 343 674 359 rant,
687 341 773 361 punirique
787 342 864 361 expetunt
878 345 929 361 nsque
944 340 963 356 ad
977 345 1001 356 ua-

632 370 686 386 guem,
698 365 721 381 sic
733 366 783 381 Iudex
795 370 868 381 summus
880 365 963 381 universas
974 365 1000 381 sibi

633 390 653 406 ab
663 390 686 406 eis
696 390 772 411 irrogatas
782 390 849 411 injurias
859 390 926 411 replicet
934 392 950 405 et
957 394 1001 410 oppa

633 417 659 430 nat
667 415 696 433 eis,
704 419 754 436 quum
762 419 791 431 suo
798 415 858 430 fuerint
867 414 943 430 tribunali
951 414 1000 432 oblati.

632 442 648 455 et
655 440 741 455 secundnm
749 444 804 455 eorum
812 439 888 455 demerita
895 439 919 455 eis
926 439 1000 460 rependat.

231 465 604 486 impatientiam,iram,turbationcm,invidiam
613 466 625 482 Β
652 464 733 483 Praeterea,
742 464 799 480 Christi
812 464 902 485 passionem
915 464 931 479 in
943 464 1000 479 duobus

231 490 298 510 mitigat,
306 490 354 511 sopit.
363 490 451 509 confundit,
460 490 541 511 exstirpat,
550 490 563 506 is
570 490 604 506 vin-

231 514 253 530 eit
262 514 279 530 in
290 514 332 530 bono
343 515 407 531 malum.
416 515 439 531 Ad
449 515 491 536 quod
502 520 530 531 nos
540 515 604 531 hortans

231 539 306 560 princeps
321 539 432 560 Apostolorum
447 544 450 555 :
465 540 604 556 Conversationem

230 564 297 584 (inquit)
304 566 373 580 vestram
382 564 423 580 inter
430 566 484 585 gentes
493 564 570 580 babentes
579 564 605 580 bo-

230 592 273 606 nam,
284 590 301 604 ut
313 588 329 604 in
342 593 361 604 eo
372 589 414 609 quod
427 589 515 604 detrectant
527 589 547 604 de
558 589 604 605 vobis

230 614 305 633 tanquam
313 613 332 628 de
343 613 477 632 malefactoribus,
485 618 504 629 ex
513 613 560 629 bonis
568 618 604 634 ope-

229 637 274 653 ribus
289 637 345 653 vestris
360 642 388 654 voe
403 638 526 657 considerantes,
541 638 603 658 glorifi-

229 664 265 677 cent
275 662 330 678 Deum.
543 669 545 671 -

248 686 260 702 Ο
268 691 316 707 quam
324 687 398 703 amabilis
405 689 429 703 est
436 687 473 706 Deo,
482 692 530 708 quam
538 692 602 703 venera-

228 711 265 727 bilis
280 712 346 731 angelis,
358 717 406 732 quam
419 712 463 728 utilis
478 712 561 733 proximis,
574 712 601 733 qui

228 740 257 751 sua
271 736 361 752 bumilitate
373 736 439 752 alterius
452 739 497 752 sanat
511 737 601 755 elationem,

632 489 723 509 specialiter
730 489 775 509 sequi
785 491 801 504 et
810 489 824 504 ei
835 493 863 504 nos
873 488 972 504 conformare
978 489 1001 504 de

632 513 689 529 bemus
697 518 701 529 :
710 513 767 534 primo,
777 518 812 529 eam
824 513 905 531 distincte,
915 515 973 528 attente
982 515 1001 528 at>

632 543 663 559 quc
674 538 737 554 assidue
750 538 842 558 recolendo;
850 538 926 556 secundo,
934 538 950 553 in
960 538 1000 553 omni

632 563 734 579 tribulatione
745 563 837 583 patientiam
850 562 914 578 sirmam
926 562 1000 578 babendo.

631 588 685 608 ltaque
698 587 790 608 frequenter
801 592 887 608 pensemus
898 592 946 608 quam
958 587 1000 602 rehe-

632 612 750 628 uientissimum
760 612 832 628 Christus
843 612 859 627 in
871 616 901 627 suo
913 612 1000 627 delicatissi-

632 641 663 655 mo,
672 637 764 655 tenerrimo,
772 637 872 652 nobilissimo
882 641 948 657 corpore
955 636 1001 652 sensit

631 662 707 680 dolorem,
716 662 754 677 dum
764 661 889 677 sacratissimum
899 663 947 681 eaput
954 661 1001 681 ipsius

631 686 682 707 spinis
692 686 748 707 longis,
757 686 812 702 multis
819 688 835 702 et
844 686 942 701 acutissimis
952 685 1000 706 perlo-

631 711 700 729 nbatur,
714 716 770 726 manus
782 713 798 726 et
810 711 858 731 pedes
870 711 895 726 sui
908 710 1000 726 sanctissimi

630 735 679 751 clavis
689 735 756 754 obtusis,
763 734 819 756 spissis
830 737 846 751 et
856 735 918 755 magnis
927 737 1000 751 transver-

228 765 257 776 sua
263 760 344 776 alacritate
351 761 423 777 accendit
433 761 498 777 alterius
506 761 601 780 tarditatem,
611 762 622 778 C
630 760 732 779 berabantur,
741 765 830 781 corpusque
843 762 893 776 totum
906 762 938 775 tam
948 760 999 775 crude-

228 790 257 800 sua
274 786 396 801 mansuetudine
413 786 429 801 in
446 786 477 802 alio
494 788 539 802 curat
556 786 601 805 iram,

227 814 256 825 sna
266 810 347 826 caritativa
359 810 471 826 benevolentia
482 811 565 826 confratris
575 816 602 826 ex-

227 834 294 855 stinguit
304 839 392 853 rancorem,
400 840 429 851 sua
439 835 524 857 seren-itate
533 835 601 851 aliorum

227 858 342 874 turbulentiam
359 859 408 878 sedat,
423 862 439 875 et
456 864 518 875 morum
535 864 601 876 suorum

227 883 310 903 splendida
324 885 413 902 venustate,
427 884 495 900 aliorum
510 884 601 900 dissolutio-

227 912 270 926 nem,
279 908 433 929 incompositionem,
443 909 571 929 inquietudinem
579 911 600 924 ta-

227 932 268 948 citus
280 932 352 953 increpat
364 935 380 948 et
392 933 480 949 reformati
493 933 552 949 Verum
564 936 601 949 sunt

227 957 292 977 quidam
307 957 364 973 borum
380 959 412 973 tam
428 960 501 978 expertes
516 958 600 977 bonorum,

226 983 259 997 tam
269 981 330 997 infirmi
338 984 354 997 et
365 982 460 1003 imperfecti,
468 983 511 1003 qnod
521 983 534 998 si
544 982 564 998 ab
574 983 602 998 ali-

226 1011 258 1026 quo
270 1006 394 1027 proclamentur,
406 1009 514 1026 exerceantur,
525 1012 601 1023 accusen-

226 1033 257 1048 tur.
273 1031 385 1052 corripiantur,
401 1031 504 1049 molestentur
518 1032 552 1047 sive
567 1032 601 1047 irri-

631 785 691 801 lissime
701 785 817 805 flagellabatur,
825 785 868 805 quod
878 784 919 800 alias
929 785 970 800 inter
979 787 1000 800 tot

629 810 694 826 vulnera
701 810 801 830 exspirasset.
805 810 862 830 Sicque
868 810 888 825 de
895 810 951 825 ceteris
958 814 1000 825 mem-

629 835 694 850 brorum
702 834 737 855 ejus
745 834 840 850 meditemur
847 834 1000 850 tormentis.Confor-

630 859 677 875 miter
686 864 719 875 suae
729 859 862 876 benedictissimae
871 859 929 875 animae
937 859 999 875 interio-

630 889 655 899 res
662 884 763 899 attendamus
772 883 839 902 dolores,
848 888 916 904 quorum
924 884 948 900 vis
955 886 999 904 atque

629 908 713 927 acerbitas,
721 908 817 924 exteriorum
825 913 890 924 suorum
898 908 937 924 vicit
943 908 999 924 acerbi-

629 935 677 949 tatem
688 933 766 949 dolorum.

649 958 716 978 insuper
726 958 818 978 patientiam
829 958 845 973 in
853 958 928 974 omnibus
935 958 999 974 solidam

629 982 721 998 habeamus*
737 982 765 998 Est
780 984 833 998 autem
849 982 907 1003 triplex
922 982 999 1003 patientia

629 1007 691 1027 gradus.
697 1007 765 1025 Primus,
771 1009 789 1022 ut
796 1006 907 1023 tribulationes
914 1009 930 1023 et
936 1007 999 1023 adversa

629 1031 663 1047 sine
671 1031 744 1052 passione
752 1031 882 1052 predominante,
889 1032 963 1052 quamvis
970 1036 998 1047 non

226 1055 298 1074 deantur,
312 1060 349 1071 mox
362 1056 403 1071 intra
416 1061 433 1072 se
445 1058 572 1075 commoventur,
585 1058 620 1073 etD
628 1056 663 1071 sine
675 1055 746 1071 interiori
758 1055 824 1076 aliquali
836 1056 922 1075 renisione,
932 1061 998 1072 comme

225 1080 271 1096 vultu
279 1080 513 1101 indisponuntur,cogitantque
520 1081 571 1096 vicem
578 1086 601 1097 re-

226 1105 301 1125 pendere,
309 1110 328 1120 ac
337 1110 380 1125 siz-pc
387 1105 459 1125 protinus
470 1108 568 1124 rcaceusant,
576 1105 600 1121 in-

226 1129 292 1147 vehunt,
307 1129 409 1150 redarguunt,
425 1130 503 1150 replicant
517 1132 570 1145 vetera
584 1132 601 1145 et

226 1153 253 1169 diu
266 1154 350 1174 praeterita,
361 1156 389 1169 aut
401 1154 448 1170 etiarn
460 1154 521 1170 dudum
533 1154 599 1172 indulta,

226 1180 283 1199 petunt
290 1178 320 1194 sibi
330 1178 408 1199 justitiam
420 1179 461 1197 fieri,
469 1181 485 1194 et
493 1179 519 1194 vix
529 1184 538 1194 a
548 1179 600 1200 praesi-

226 1203 273 1218 dente
281 1205 342 1223 queunt
351 1204 436 1224 compesci.
445 1203 474 1219 Ubi
484 1206 508 1219 est
517 1204 599 1224 patientia,

225 1227 317 1243 reformatio
324 1230 352 1243 aut
359 1228 440 1248 profectus
448 1228 524 1244 istorumz
530 1228 600 1247 Qualiter

184 1260 191 1267 ι.
204 1261 218 1270 ιι,
226 1252 322 1268 Salvatorom
333 1255 422 1273 sequuntur
429 1253 515 1271 dicentem,
524 1253 556 1273 Ego
563 1258 599 1269 sum

225 1277 256 1296 via,
263 1277 320 1293 veritas
328 1279 344 1293 et
351 1278 391 1297 vita3
399 1282 447 1293 nemo
454 1278 498 1293 venit
505 1278 524 1293 ad
532 1278 599 1295 Patrem,

225 1302 256 1318 nisi
267 1307 295 1323 per
304 1303 341 1318 met
348 1302 367 1318 Et
377 1302 404 1318 ubi
415 1304 439 1318 est
449 1302 491 1323 quod
501 1302 568 1318 :oannes
578 1303 600 1318 ait

224 1327 310 1347 apostolus,
319 1327 348 1345 Qui
356 1331 373 1342 se
383 1326 422 1342 dicit
432 1327 448 1342 in
457 1327 518 1343 Christo
528 1332 598 1345 manere,

628 1080 677 1099 tione,
685 1082 701 1096 et
711 1080 768 1101 primis
779 1080 883 1101 impatientia
895 1081 970 1097 motibus.
978 1083 998 1096 to-

629 1105 703 1121 lerentur.
717 1105 736 1121 Et
749 1105 775 1121 liic
786 1105 844 1125 gradus
859 1108 920 1126 spectat
931 1106 951 1122 ad
964 1106 999 1121 inci·

628 1130 695 1151 pientes,
711 1132 766 1150 estque
781 1130 881 1146 necessarius
894 1130 914 1146 ad
928 1130 997 1146 salutem.

628 1155 710 1171 Secundus
722 1157 752 1173 est,
760 1156 778 1170 ut
788 1155 854 1170 adversa
864 1155 899 1171 sine
910 1155 998 1176 hujusmodi

628 1179 708 1195 renisione
718 1181 734 1195 et
745 1179 855 1200 inquietudine
866 1180 972 1200 perferantur,
979 1183 998 1196 at-

628 1206 681 1220 tamen
698 1209 734 1220 cum
750 1204 803 1220 labore
817 1206 833 1220 et
847 1209 901 1225 pugna
916 1207 971 1220 contra
983 1210 998 1220 se

628 1229 687 1249 ipsum,
696 1230 748 1244 motus
756 1233 813 1249 pravos
821 1229 930 1249 reprimendo,
938 1229 999 1245 Christi-

628 1258 659 1274 que
671 1253 761 1274 passionem
773 1253 881 1274 adspiciendo,
889 1256 906 1269 et
918 1254 946 1270 Dei
958 1254 998 1270 auxi-

628 1278 667 1294 lium
682 1278 776 1294 invocando.
789 1278 833 1296 Quod
846 1280 908 1299 spectat
920 1279 939 1294 ad
954 1279 999 1300 profi-

627 1303 692 1318 cientes.
701 1302 763 1318 Tertius
773 1302 831 1323 gradus
840 1305 870 1321 est,
878 1305 896 1318 ut
906 1303 954 1319 etiam
964 1308 998 1319 cum

627 1327 707 1343 alacritate
719 1329 734 1342 et
744 1327 807 1347 gaudio,
815 1327 875 1347 absque
888 1328 942 1343 renisu
953 1330 969 1344 et
981 1328 998 1344 l*
