1079 1569
227 119 258 136 ²¹8
367 125 441 137 nexuum
452 125 468 137 ιν
478 125 515 137 eon
525 125 629 138 mmm-ru
638 125 703 138 mian.
714 130 734 133 —
744 125 795 138 emo
804 126 867 138 rua’rws

227 167 279 188 lisque
291 167 369 183 eensistit.
381 168 459 184 Interesse
471 168 526 184 divino
537 167 600 186 Officio,
608 168 621 183 A
629 168 646 183 in
657 168 684 184 tali
696 168 721 184 vel
732 168 760 184 tali
771 168 845 189 regione3
853 168 880 184 sed
893 168 936 184 mala
947 168 998 188 dejoeu

226 192 326 208 emtionibus
336 194 352 208 et
363 192 437 209 laudibus
448 192 482 211 Dei,
490 197 508 208 ac
520 192 601 208 similibus

227 216 274 233 bouis
288 217 362 233 insistere
376 217 444 236 actibus,
456 222 504 238 grave
515 219 540 233 est
552 217 573 236 ei,
585 219 602 233 et

227 243 302 262 tanquam
313 246 352 257 crux
362 242 434 262 quiedam
443 246 447 257 z
456 242 516 258 idcirco
524 247 533 257 a
542 242 601 258 talibus

226 271 244 282 se
255 266 333 284 absentat.
346 266 371 282 vel
384 268 420 282 ante
432 266 483 282 finem
495 267 564 286 recedit3
574 268 602 282 aut

226 296 263 307 curu
271 291 319 307 taedio
326 290 364 306 talin
370 291 408 311 agit.
417 291 494 307 dissoluto
503 291 556 309 eorde,
564 296 602 307 ocu-

226 315 246 331 lis
257 315 306 336 vagis,
314 318 331 331 et
341 320 378 331 cum
389 315 493 332 irreverentia
504 321 565 336 magna.

246 340 268 356 De
279 340 309 356 hoc
319 340 359 356 vitiu
368 342 433 356 sauctus
443 340 514 356 affirmat
526 341 601 361 Hierony-

226 370 262 380 mus
275 369 279 380 z
292 365 329 381 Sola
343 365 418 386 tepiditas
432 367 457 381 est
468 370 504 386 qum
518 365 559 381 solet
573 365 601 381 Dei

226 389 304 406 vomitum
312 394 403 411 provocare.
412 390 438 406 Vm
446 390 507 406 homiui
516 390 531 406 in
540 395 572 411 quo
580 395 602 406 re-

226 416 264 435 gunt
276 415 336 430 acedia.
349 414 422 431 Aeediosi
434 415 477 430 euim
491 417 528 431 sunt
540 415 602 431 similes

226 439 338 460 ingratissimis
345 439 385 455 filiis
392 440 507 460 lsrael,quibus
514 440 555 455 Deus
563 439 602 460 pluit

629 193 720 211 formidine,
731 197 763 209 uon
773 193 833 209 audent
846 193 922 214 incipere,
933 192 960 209 Isti
972 197 998 209 non

629 219 697 238 pensant
704 222 752 238 quam
760 217 812 233 bouus
822 218 843 233 sit
850 218 898 236 Deus,
906 219 923 233 et
930 222 977 238 qnam
983 217 999 233 si-

629 242 691 260 deliter,
700 242 764 263 copiose
773 247 792 258 sc
804 242 910 258 libentissime
921 242 999 258 subveniat

628 267 704 282 omnibus
716 267 744 287 qui
756 271 776 283 ex
788 267 836 283 corde
848 269 922 287 quierunt
934 269 951 283 et
962 267 999 283 invn-

629 294 666 307 cant
673 292 731 312 ipsum.
740 291 779 312 Ejus
786 296 824 312 ergo
831 296 878 312 opem
886 291 977 312 implorent,
983 296 999 307 ac

629 318 693 332 strenue
706 316 787 334 inchoent,
797 318 813 332 et
826 321 857 332 neu
870 316 939 334 tardent,
949 321 969 332 ne
980 316 999 332 iu-

629 341 676 357 terim
684 343 751 361 peccent
760 345 779 356 ac
787 343 858 361 pereant„
867 341 907 356 Hinc
916 341 975 357 etenim
982 341 999 356 ab

629 365 669 381 lsaia
676 365 736 381 dieitur
744 369 748 381 z
756 365 785 384 Qui
795 365 867 381 ambulat
877 365 893 381 iu
903 365 979 383 tenebris,
986 367 999 381 et
1009 370 1042 382 ιι.ι,ι,

629 394 661 406 non
669 392 693 406 est
701 389 755 406 lumen
762 390 783 409 ei,
791 392 845 410 speret
855 390 872 405 in
880 390 946 406 nomine
953 390 999 406 Domi·

629 414 652 433 ui,
660 416 676 430 et
683 414 761 430 innitetur
768 419 817 435 super
824 415 874 430 Deum
884 419 942 434 suum·,
950 414 969 430 ab
976 414 1000 430 Ec-

629 439 718 455 olosinstieo
726 443 797 460 quoque:
803 439 999 460 Respicite.filii,natiunes
1005 443 1046 455 mm

226 469 245 480 ac
257 464 325 480 contulit
337 469 400 483 manna,
409 464 439 480 hoc
450 466 474 480 est
486 469 543 485 panem
556 464 602 480 coele-
611 464 623 480 B
630 463 720 482 hominum,
730 465 746 479 et
756 463 812 479 scitote
822 464 860 484 quia
870 463 924 479 nullus
935 460 1017 484 spenvitfl·

226 491 281 509 stem3
293 489 320 504 sed
333 489 371 509 quia
384 489 455 505 carnales
467 491 483 505 et
496 489 537 510 pigri
550 491 601 507 erant,

226 515 358 534 contempserunt
367 513 459 534 hujusmodi
471 513 531 532 cibum,
539 518 569 529 nec
578 518 602 529 sa-

153 542 220 555 lva-inis
227 538 263 559 puit
276 538 300 554 eis
316 542 319 553 :
335 538 368 554 imo
382 538 461 556 dixerunt,
476 538 533 554 Anima
549 540 602 554 nostra

227 564 293 578 nauseet
301 567 349 583 super
356 562 393 578 cibe
403 562 433 578 isto
442 562 528 578 levissimo,
536 563 566 578 Sed
575 562 602 578 bo-

227 587 253 603 nis
260 592 279 603 ac
286 587 362 603 virtuosis
370 587 409 603 filiis
416 587 469 606 lsrael,
478 587 505 608 qui
513 587 559 608 pauci
568 587 602 603 fue-

227 613 270 630 runt,
279 612 340 633 optime
351 612 404 633 sapuit
416 617 478 628 menne.
487 612 513 628 Sic
525 611 603 628 acediosis

228 636 351 657 carnalibusque
359 636 452 652 hominibus
459 636 549 657 spiritualia
556 641 574 652 ae
581 636 604 652 di—

228 661 270 679 viua,
279 666 315 682 qua
325 666 345 676 ex
356 665 385 676 sua
395 663 451 677 natura
462 666 499 676 vere
510 661 604 677 dulcissima

228 687 276 706 atque
287 685 402 701 amabilissima
414 687 481 703 exstant,
490 690 521 701 nou
533 685 603 706 sapiunt,

227 710 256 726 ned
266 710 283 726 in
293 714 369 726 nauseam
379 712 502 729 couvertuutur;
511 715 552 726 vana
560 714 603 728 vero,

228 735 311 750 sensibilia
318 736 334 750 et
344 734 434 750 transitoria
444 737 481 750 sunt
490 735 514 751 eis
524 735 602 750 suaviora.

630 488 646 504 iu
654 488 727 506 Domino,
732 490 748 504 et
755 488 832 504 oonrusus
840 490 874 508 est3
882 490 910 504 aut
917 488 954 509 quis
962 489 1000 504 invo-

630 513 672 529 cavit
679 518 722 529 eum.
730 515 746 528 et
753 513 826 534 despexit
833 513 879 528 illurn
884 514 891 528 i
898 513 939 529 Hinc
947 513 1000 529 iterum

629 537 652 553 ait
659 537 741 558 Scriptura
749 542 753 553 2
761 537 795 553 Nou
805 537 858 553 tardes
868 537 939 553 converti
950 537 968 553 ad
976 538 1046 553 Bam-⁵⁴.

630 562 698 580 minum,
706 564 723 577 et
730 566 750 578 ne
758 561 823 577 differ-as
831 562 850 578 de
860 562 886 577 die
894 562 911 577 in
920 562 972 581 diem;
979 567 1001 577 suv

630 586 664 603 bito
676 586 719 602 enim
732 586 786 602 veniet
798 586 822 602 ira
834 586 883 602 illius,
891 586 956 606 Quarto,
964 586 1001 603 valet

630 611 649 627 ad
660 611 703 627 idem
713 611 788 627 velocius
798 616 816 627 se
825 611 927 627 abstrahendi
936 616 946 627 a
953 611 1002 632 parvis

631 638 647 652 et
653 635 734 652 consuetis
742 635 817 656 peccetis.
825 636 848 651 Ad
856 636 898 656 quod
908 636 958 652 etiarn
965 636 1002 651 valet

631 659 737 676 consideratio
749 660 855 676 damnationis
867 665 886 676 ac
898 665 951 681 pinum
963 662 1003 676 mter-

631 690 661 704 um,
669 690 705 706 quie
713 689 742 706 pro
749 689 846 706 unoquoque
854 685 916 701 mortali
927 685 1003 706 infligitur

632 711 706 730 peccato3
716 709 822 725 consideratio
834 714 898 730 quoque
910 710 962 725 divini
974 715 1003 725 me-

632 734 687 750 tuendi
698 734 762 754 judieii,
772 736 788 749 et
801 734 856 750 mortis
866 736 914 755 atque
923 734 1002 750 incertitu-

228 759 273 775 Panis
284 759 307 775 eis
317 759 334 775 in
344 759 408 775 fastidio
415 761 444 777 est,
452 764 533 775 venenum
543 763 570 775 eos
578 759 604 775 de·
612 759 623 775 C
631 759 674 774 dinis
686 758 731 779 ejus3
743 760 759 774 et
771 758 872 774 considersre
881 763 930 779 quam
944 758 1003 774 infinite

228 784 280 800 leem.
291 784 363 804 Insuper,
374 788 403 804 per
411 784 483 800 acediam
493 784 546 804 perdit
556 784 604 800 horno

227 813 275 825 omne
287 808 347 824 donum
357 808 427 824 caritatis
437 810 452 824 et
462 808 521 829 gratim,
533 810 549 824 et
560 808 604 824 vitiis

227 833 334 854 adimpletum
341 835 405 853 tempus
412 833 476 851 nmittit,
483 833 573 849 damonum
582 833 604 848 lu*

228 858 258 873 dus
268 860 298 876 est,
306 859 322 873 et
333 857 429 873 aeterneliter
441 857 486 878 perit*

250 882 350 902 Abjiciamns
367 886 405 902 ergo
421 882 451 897 hoc
466 882 524 897 vitium
538 882 603 898 maledi-

228 908 278 925 ctum,
291 908 307 922 et
319 906 384 925 alacres,
397 906 467 927 prompti
481 911 500 922 ac
513 906 570 922 fervidi
584 906 604 922 si-

229 936 265 947 mus
276 931 296 947 ad
308 931 448 947 honorificentiam
459 931 542 949 Creatoris,
550 931 570 947 ad
579 936 604 947 ao-

228 958 254 971 tus
266 955 351 973 virtutum,
362 955 382 971 ad
394 960 441 971 omne
453 960 493 976 opus
506 955 571 971 bunum.
585 956 604 971 Et

228 981 247 996 ad
260 980 290 996 hoc
303 980 356 1001 primo
368 980 410 996 valet
421 980 527 996 consideratio
536 980 604 996 iufinitoe

228 1005 311 1025 dignitatis
323 1009 341 1020 ac
354 1004 481 1020 honorabilitatis
494 1005 557 1021 Domini
569 1005 602 1021 Dei.

229 1030 279 1048 Quam
292 1029 305 1045 si
320 1029 362 1045 bene
376 1029 479 1047 attendimus.
492 1033 556 1045 omnem
570 1034 604 1045 uce-

632 783 740 804 periculosum
755 783 776 799 sit
789 783 805 799 in
818 783 888 804 peccatis
900 788 971 799 manere.
984 783 1003 799 Ex

631 808 656 824 liis
667 808 755 824 rationibus
766 809 782 823 et
793 808 858 824 motivis
867 812 932 824 ornnem
942 808 1004 828 abjici*

632 838 668 849 mus
680 833 757 851 acediam,
770 832 844 848 alecriter
856 837 941 853 surgamus
953 833 973 848 ad
983 833 1003 848 di-

632 857 688 873 viuum
701 857 802 877 obsequium,
815 862 845 873 uec
857 857 877 873 ab
889 857 959 873 ecclesia
971 860 1004 873 ante

632 882 682 898 finem
694 881 745 897 divini
757 881 811 897 Officii
824 881 859 897 siue
871 886 919 898 causa
930 881 1004 898 abenrnus

632 906 715 927 condigna,

652 931 704 949 Porro,
713 935 742 951 per
754 930 859 951 paralyticum
872 931 921 946 istum
934 935 965 952 pro
976 935 1004 952 qun

632 955 693 976 rogavit
700 955 773 971 centurio
780 955 968 976 Christum,intelligitur
974 956 1004 976 qui—

632 980 672 996 libet
681 980 755 996 subditus
766 980 816 1001 piger,
824 984 853 1001 pro
860 985 893 1001 que
903 980 983 999 centurio,
990 980 1004 996 id

631 1007 656 1021 est
664 1005 737 1026 proelatus
745 1005 802 1025 ipsius,
807 1005 857 1021 Deum
865 1005 942 1023 fideliter,
949 1005 1005 1021 instau-

632 1032 656 1046 ter
663 1034 681 1045 ac
691 1029 752 1045 fervide
763 1029 837 1045 invocare
845 1030 918 1050 protinus
928 1029 982 1049 debet,
990 1032 1005 1045 ut

228 1054 272 1070 diam
285 1054 388 1075 expellemus.
402 1053 481 1072 Secunde,
491 1054 532 1069 valet
543 1054 563 1069 sd
575 1054 604 1070 hoc
611 1055 624 1071 Ι)
632 1054 714 1070 subditum
722 1054 753 1070 sibi
764 1054 868 1070 commissum
877 1054 948 1075 gratiose
958 1057 975 1070 et
982 1054 1005 1075 pie

229 1078 333 1094 consideratio
347 1078 434 1094 ineffabilis
448 1078 527 1094 felicitatis
542 1080 558 1094 et
572 1078 604 1099 glo-

229 1103 257 1119 riae
269 1103 371 1124 sempiterna
382 1108 418 1123 qus
429 1107 458 1123 pro
470 1103 495 1118 his
506 1103 573 1119 modicis
585 1107 603 1119 ac

229 1128 306 1143 brevibus
318 1127 396 1143 virtutum
409 1127 485 1148 operibus
499 1128 602 1144 condonatur.

217 1165 221 1170 .
229 1152 273 1169 Unde
286 1152 326 1168 dixit
337 1152 423 1173 Apostolus
435 1156 439 1167 :
452 1152 486 1168 Nun
499 1154 537 1168 suut
550 1152 604 1168 condi-

229 1182 264 1198 gnas
273 1177 355 1198 passiones
363 1177 411 1197 hujus
419 1177 496 1197 temperis
504 1177 524 1192 nd
533 1177 604 1193 futurem

228 1202 296 1223 gloriam
306 1206 341 1222 quie
352 1201 449 1217 revelabitur
459 1201 475 1217 iu
485 1201 536 1217 uobis.
545 1202 603 1220 Tertio,

229 1226 271 1242 valet
281 1226 301 1242 ad
312 1225 354 1241 idem
366 1227 430 1241 strenue
441 1226 504 1246 agilitas
516 1226 603 1247 incipiendi

229 1251 290 1267 bonum
304 1250 346 1271 quod
361 1250 397 1271 quis
410 1250 455 1266 novit
469 1255 504 1266 esse
518 1251 602 1271 agendum.

229 1275 274 1292 Multi
286 1275 346 1296 quippe
357 1280 376 1291 ex
388 1275 452 1291 horrore
464 1275 565 1291 difficultatis
578 1281 604 1291 ne-

229 1300 292 1321 gligunt
304 1300 364 1316 bonum
377 1299 453 1320 incipere,
461 1302 477 1315 et
488 1300 568 1316 interdurn
581 1300 604 1316 di-

229 1326 274 1344 cunt,
281 1324 342 1341 Vellem
350 1329 376 1340 me
383 1329 418 1340 esse
426 1324 473 1340 telem
481 1326 508 1340 aut
515 1324 569 1344 telem,
577 1327 605 1341 aut

632 1079 702 1097 visitare,
715 1083 770 1094 curare
783 1081 799 1094 et
814 1078 914 1095 inflammare
926 1079 1005 1100 dignetur,

632 1105 710 1124 qunteuus
718 1103 735 1119 in
745 1103 789 1119 omui
799 1103 889 1119 Divinitetis
898 1103 979 1124 obsequio
987 1104 1006 1119 sit

632 1128 703 1144 devotus.
716 1128 798 1146 Proeterea,
810 1128 852 1143 sicut
865 1128 939 1144 centurio
953 1128 1006 1144 babuit

632 1153 691 1168 milites
698 1154 714 1168 et
724 1152 806 1168 ministros
816 1152 847 1168 sibi
856 1152 876 1168 ad
886 1155 945 1169 nutum
956 1153 1006 1169 obedi-

631 1179 682 1196 entes,
690 1177 713 1193 sic
721 1177 831 1198 unusquisque
839 1177 954 1194 Christifidelis
962 1178 1006 1194 debet

631 1207 666 1218 esse
679 1204 711 1218 tarn
723 1202 804 1223 perfectus
814 1207 833 1217 ac
844 1202 931 1220 virtuosus,
943 1204 963 1218 ut
974 1202 1006 1218 uni-

632 1231 681 1242 versae
689 1227 792 1247 cogitationes
800 1228 816 1242 et
823 1226 923 1245 affectiones,
932 1226 1006 1248 imsgina-

631 1251 688 1268 tiones.
697 1251 779 1271 passiones
788 1253 804 1266 et
813 1251 884 1267 actiones
893 1256 926 1267 sum
936 1251 971 1267 sint
978 1251 1005 1267 sibi

632 1276 651 1291 ad
662 1275 726 1291 libitum
737 1275 811 1294 subditae,
819 1275 841 1291 ite
851 1277 869 1291 ut
879 1276 898 1291 ad
909 1276 947 1296 ejus
959 1276 1006 1297 impe—

632 1300 674 1316 rium
682 1300 709 1316 illa
717 1300 791 1321 cogitatio
799 1300 841 1316 mala
850 1304 887 1316 mox
894 1300 947 1319 abeat,
955 1303 973 1317 et
982 1301 1006 1316 illa

632 1325 674 1341 bona
685 1325 755 1344 accedat,
767 1329 799 1341 una
811 1324 859 1341 etiam
871 1324 913 1341 bona
924 1325 1006 1341 interdum
