1079 1569
5 399 93 414 Philippu,

240 132 315 144 ΜΙΙῘΠΕΛ
326 132 337 144 n
347 132 433 144 anvax'rt's.
443 136 462 139 -·
473 132 495 144 ΑΙ)
505 132 602 148 flammini}
614 132 663 144 smo
674 132 746 145 smmus

861 127 881 143 68

101 174 192 190 riculosum
203 176 282 193 censetur,
290 179 322 195 quo
333 174 349 190 in
359 174 435 195 religione
445 174 480 190 diu·
487 175 500 190 Α
507 174 597 193 Cassianus,
605 174 647 195 quad
655 174 778 190 delicatissimus
786 174 828 195 apud
836 174 881 194 Egy-

101 198 135 214 tius
143 198 219 217 vivimus,
227 203 247 214 eo
256 203 297 219 pene
308 199 393 219 tepidiores
404 201 420 214 et
430 199 479 219 negli-

100 223 183 243 gentiores
194 223 281 239 efficimur.
289 223 323 239 Non
335 228 373 243 ergo
384 223 479 244 adjiciamus

101 247 123 263 de
133 249 188 264 cetero
198 250 281 269 peccatum
292 253 341 269 super
352 250 442 269 peccatum,
453 252 479 264 no-

100 273 143 288 stras
150 272 242 288 excusando
250 272 328 291 miserias,
336 272 442 291 carnalitates,
448 274 479 288 tor-

101 301 150 317 pores
161 301 165 313 :
179 297 217 317 quia
229 301 284 313 revera
296 297 310 312 si
323 297 393 313 caritatis
404 297 451 313 ardor
463 299 479 313 et

101 321 164 337 fiducia
171 321 205 340 Dei,
213 321 296 342 diligentia
305 321 361 340 animi,
370 326 405 342 quaa
414 321 479 337 inerunt

102 345 121 361 iu
131 346 204 366 patribus
214 346 278 364 nostris,
286 348 340 362 essent
350 346 366 362 iu
377 346 435 362 nostris
446 350 479 362 cor-

101 370 157 389 dibus,
168 375 252 391 possemus
264 372 280 386 et
291 371 381 386 laceremus
393 371 435 391 quod
448 371 478 390 illi,

102 400 140 411 cum
151 395 228 416 Apostolo
239 395 299 416 singuli
311 395 412 414 confitentes,
422 396 479 412 Omnia

102 424 170 441 possum
180 420 197 435 in
208 424 227 436 eo
238 420 265 441 qui
277 425 303 436 me
313 420 396 436 confortat.

129 444 207 465 Denique,
222 445 258 460 datu
275 445 317 465 quod
333 445 447 461 abstinentiam
462 447 479 461 et

507 199 549 219 ptios
559 199 645 215 monachos
653 198 699 215 cibus
708 199 740 214 init
747 199 796 215 herba
804 198 836 214 sale
844 203 881 214 con-

507 223 548 243 dita;
554 223 574 239 dc
581 223 617 239 oleo
624 225 677 239 autem
685 228 717 239 non
725 223 756 239 uisi
764 228 813 239 unam
820 224 881 244 guttam

507 248 603 268 cuicumque
611 248 647 263 cibo
655 248 748 264 miscebant.
757 248 836 264 Climacua
843 252 882 268 quo-

506 277 538 292 que
550 272 572 288 ait
583 277 587 288 :
597 272 678 293 Ieiunium
691 273 715 288 est
727 272 803 288 violentia
815 274 880 291 natum,

506 297 575 313 abscisio
585 297 696 313 delectationis
706 299 768 317 gustus,
777 297 833 313 caloris
844 301 881 313 eou-

506 321 642 342 cupisceutiarum
652 321 714 337 recisio.

526 346 575 361 Multa
586 346 679 366 hujusmodi
691 351 754 367 possem
766 345 880 362 commemora*-

506 375 528 386 re.
537 370 567 386 Sed
577 375 627 391 quum
638 370 709 386 Salvator
718 371 735 387 in
743 371 829 392 Evangelio
838 371 880 387 dieat

506 400 524 411 ac
532 395 594 415 jubeat,
604 395 660 411 Videte
669 400 690 411 ne
700 397 786 416 graventur
795 396 843 412 corda
855 400 881 411 ve-
887 399 954 413 tumul

506 421 538 435 stra
548 420 618 440 crapula,
629 420 642 435 si
654 420 718 436 Pati-um
730 422 821 436 sanctorum
832 420 880 436 absti-

506 444 577 460 nentiam
587 446 603 460 et
613 444 681 465 rigorem
692 445 738 466 sequi
749 445 774 461 vel
785 450 817 461 uon
825 450 880 466 possu-

101 471 162 485 sauctle
174 469 257 489 religionis
269 470 344 485 exercitia
357 471 388 485 tam
403 469 479 490 praeclara
486 471 498 487 B
506 474 548 487 mus,
555 469 581 485 vel
591 471 623 485 nou
633 469 713 488 volumus,
721 469 777 485 saltem
787 469 881 485 necessaria»

101 498 150 514 agere
162 498 194 509 non
207 494 293 514 possimus,
307 499 342 515 quaa
354 494 478 515 praedecessores

101 518 154 534 nostri
163 518 298 539 adimpleverunt,
307 518 385 539 numquid
395 519 479 535 rationabi—

102 542 127 558 les
134 547 188 559 eoram
198 543 230 559 Deo
240 548 296 559 causas
306 543 384 559 babemus
393 545 425 559 tam
433 544 479 559 vehe-

102 569 167 583 menter
174 568 259 583 recedendi
267 572 285 583 ac
293 568 378 584 corruendi
386 568 406 584 ab
414 568 478 584 illorum

101 592 167 612 rigore?
177 592 260 608 Fateamur
269 597 307 613 ergo
316 592 399 608 humiliter
409 595 479 609 nostram

102 617 210 637 tepiditatem,
218 619 235 633 et
242 617 354 638 imperfectum
363 619 435 633 nostrum
442 622 479 633 con-

101 642 174 657 siderent
184 641 232 660 oculi,
240 646 259 657 ac
270 642 314 663 parvi
326 642 420 663 pendamus,
429 644 446 658 ut
456 642 479 658 di-

101 671 154 686 gnum
168 668 198 685 est,
211 667 260 682 vitam
275 669 352 685 nostram,
364 672 400 687 qnae
414 671 479 688 cumpa-

102 690 165 706 ratione
176 691 302 707 conversationis
313 693 404 707 sauctorum
416 691 479 707 Patrum

102 715 166 731 nullius
178 717 203 731 ost
215 716 297 734 momenti,
308 718 324 731 et
334 716 438 732 humiliemus
451 720 479 732 uos

103 740 167 760 absque
178 744 253 756 mensura
263 742 279 756 et
289 740 327 756 siue.

505 494 525 509 ad
534 494 602 509 salutcm
612 493 694 509 sobrietati
703 498 768 515 operam
776 494 837 510 demus.
846 494 881 510 Gre-

506 518 538 533 dite
549 518 599 533 verbo
609 517 667 533 Christi
676 518 745 534 dicentis
753 523 757 534 ε
765 518 792 534 Vae
799 518 844 534 vobis
852 518 880 539 qui
887 522 954 535 mlv-,sa

506 543 572 558 saturati
579 543 623 558 estis.
631 542 666 559 Non
676 543 698 558 ita
705 547 734 559 nos
745 543 781 559 cibo
789 543 880 564 repleamus

506 572 525 583 ac
539 569 583 588 potu,
597 569 614 583 ut
626 568 645 583 ad
657 567 776 586 dissolutiones,
788 567 880 586 cachinnos,

507 592 616 612 loquacitates,
633 592 749 610 contentiones,
766 592 880 611 animositates,

506 617 584 637 pigritiasy
595 617 708 633 somnolentias
720 617 815 635 dilabamur,
824 617 852 633 sed
862 617 882 632 ad

507 641 535 657 Dei
547 641 643 662 obsequium
655 641 729 657 fortiores
742 641 837 661 reddamur,
849 646 882 657 non

507 666 605 687 voluptatem
613 668 629 682 et
636 666 770 687 superfluitatem,
779 666 807 682 sed
815 666 883 682 necessi-

506 692 555 706 tatem
566 695 663 711 quaeramus;
671 695 701 706 nec
712 691 728 706 in
739 691 797 706 vestitu
807 693 834 706 aut
844 692 882 706 stra-

507 717 523 731 to
532 720 623 736 quaeramus
633 714 721 731 mollitiem.
732 715 749 731 ln
759 715 846 731 relectione
856 716 882 731 de-

507 744 552 755 mum
562 745 611 756 vanas
621 740 724 760 cogitationes
735 740 809 758 vitemus,
818 739 883 756 lectioni

125 764 171 780 Certe
183 765 196 780 si
209 765 271 785 singula
284 765 314 780 rita
326 769 418 786 pensamus,
432 765 480 781 habe-
489 767 500 783 c
507 767 524 780 et
534 769 582 780 sacrm
593 764 692 780 meditationi
703 764 784 780 ferventer
795 765 856 780 intuenti⁴

103 794 143 805 rnna
153 794 208 805 caum
217 789 320 810 quamplures
327 790 423 806 humiliandi
433 792 480 811 atque

102 814 205 835 despiciendi
213 818 242 830 nos
250 814 293 835 ipsos
300 814 317 830 iu
325 814 412 830 infinitum.
420 815 480 836 Nempe

102 839 145 860 quid
157 838 177 854 de
189 838 265 859 qualitate
277 838 371 855 victualium
386 839 440 855 dicant
451 841 481 855 sta-

102 865 140 879 tuta
154 868 173 879 ac
188 863 246 883 regulae
258 863 327 882 Petrum,
340 868 372 879 non
384 864 480 884 ignoramus.

104 888 161 906 Qualis
170 887 219 903 luerit
227 887 323 903 abstinentia
331 890 347 903 et
353 888 437 904 austeritas
445 888 481 904 vitm

103 912 220 928 monachorum
231 912 270 928 olim
281 912 296 928 in
306 913 378 933 AEgyp‘o,
387 913 420 929 imo
429 913 481 929 adbuc

104 937 150 953 intra
157 941 216 957 paucus
224 937 341 957 quodammodo
348 942 398 953 anuos
405 938 422 953 in
433 938 482 958 regio-

102 961 155 977 nibus
164 963 212 982 atque
220 961 307 982 provinciis
314 962 426 980 citramarinis,
434 967 482 983 agno-

102 986 175 1005 :cimus3
184 988 200 1001 et
207 987 285 1006 quantum
292 986 369 1002 distamus
376 986 397 1002 ab
405 986 443 1006 inis,
452 987 482 1003 uti—

103 1015 145 1026 nam
155 1010 196 1026 bene
206 1010 312 1026 advertamus.

127 1035 208 1053 preterea,
212 1035 231 1051 de
238 1035 313 1056 qualitate
321 1036 366 1051 strati
372 1036 394 1051 :it
400 1036 416 1052 in
423 1036 483 1057 Regula

103 1065 137 1076 sua
151 1060 165 1076 S.
178 1060 284 1081 Hieronymus

104 1084 182 1101 noctibus
192 1084 237 1100 brevi
247 1087 263 1100 et
273 1085 313 1101 duro
324 1087 373 1101 strato
383 1085 441 1106 jacere,
450 1090 482 1102 non

105 1110 125 1126 iu
133 1109 209 1125 mollibus
216 1109 282 1130 plumis,
290 1110 318 1126 sed
326 1110 342 1125 in
350 1110 400 1131 palcis
409 1112 437 1126 aut
444 1112 482 1126 stra-

104 1134 183 1152 minibus,
187 1134 221 1150 sive
229 1134 245 1150 in
253 1134 309 1154 ligaris
317 1134 369 1155 capsis
377 1135 427 1155 magis
434 1140 482 1156 quam

104 1159 176 1177 lectulis,
185 1161 203 1174 ut
212 1159 284 1174 membra
292 1161 359 1175 stratum
367 1160 420 1180 potius
430 1160 483 1176 horre-

103 1185 135 1199 ant
145 1188 193 1204 quam
202 1183 283 1202 allectent,
292 1185 308 1199 et
317 1184 336 1199 ad
346 1188 421 1200 somnum
432 1185 482 1205 magis

104 1208 194 1229 compellat
204 1208 290 1224 necessitas
301 1213 349 1229 quam
359 1209 441 1230 voluptas3
451 1209 482 1225 sic-

104 1237 139 1254 que
154 1232 174 1248 ub
189 1233 264 1249 duritiam
280 1233 330 1252 strati,
344 1233 384 1249 levis
398 1238 416 1249 ac
429 1233 482 1250 brevis

104 1259 176 1278 occupet
185 1262 238 1278 sopor,
246 1257 289 1278 quod
298 1262 329 1274 non
340 1258 361 1273 sit
370 1258 394 1274 ias
403 1258 454 1274 solitis
464 1258 482 1274 il-

104 1282 198 1298 lusionibus
209 1282 280 1298 uoctium
292 1284 363 1299 mentem
373 1283 441 1303 sopitam
452 1286 483 1300 tor-

105 1307 159 1328 queri.
173 1307 192 1323 Et
207 1312 244 1323 ecce
258 1307 292 1323 time
306 1307 363 1323 scribit
377 1308 482 1329 Hieronymus

105 1332 173 1348 reminis
181 1332 272 1353 tenerisque
280 1332 342 1353 puellis.
352 1333 418 1354 Insuper
427 1333 483 1349 recitat

171 1365 187 1379 Τ.
197 1365 217 1379 2⁹.

528 790 575 805 Porro
582 790 602 805 de
610 790 630 805 iia
640 789 691 805 multa
700 789 757 805 scribit
764 790 780 805 in
788 789 855 810 epistola
863 790 883 805 ad

508 814 569 830 Fratres
581 814 601 830 de
613 814 664 830 Monte
679 814 707 829 Dei
719 814 734 830 S.
745 814 839 830 Bernardns.
853 814 883 830 Sed

508 843 556 854 nemo
563 838 674 859 religiosorum
682 838 712 854 ista
719 838 798 858 derideat;
805 838 837 854 imu
845 843 883 859 pen-

508 868 563 879 semus
570 863 613 884 quod
622 863 644 879 ait
651 862 730 879 Eusebius
739 868 742 879 :
751 863 812 882 Videte,
820 863 882 882 iratres.
891 870 957 882 flemma.

509 888 608 903 vocationem
616 889 690 903 vestram.
698 887 756 903 Venire
764 888 783 903 ad
792 887 883 903 coenobium

509 917 538 928 seu
549 917 627 930 eremum,
635 917 698 928 summa
708 912 786 933 perfectio
796 914 826 931 est,
834 912 850 928 id
860 913 884 928 est

509 941 577 953 summoe
589 936 692 957 pei-rectionis
707 937 800 957 exordinm;
812 937 840 953 sed
852 941 884 953 nnn

510 961 580 982 perfecte
594 961 610 977 in
625 961 698 977 eoenobin
713 966 742 977 seu
756 965 810 977 eremo
824 961 884 980 vivere,

510 991 573 1002 summe
580 986 661 1002 damnatio
668 988 696 1002 est.
700 986 740 1005 Ouid
747 986 816 1007 prodest,
821 986 835 1001 ai
841 986 885 1001 locus

510 1011 574 1032 quietus
586 1013 648 1027 tantum
660 1011 764 1032 corporaliter
776 1013 855 1029 teneatur,
868 1013 884 1027 et

510 1036 605 1056 inquietudo
612 1036 629 1051 in
637 1036 684 1051 corde
692 1037 772 1055 versetur;
779 1036 792 1051 si
801 1036 817 1051 in
825 1035 885 1051 habita-

300 1065 303 1076 :
318 1060 357 1076 Volo
372 1065 400 1077 vos
414 1061 482 1082 singulis
489 1062 502 1078 D
510 1061 553 1076 tione
562 1060 644 1076 silentium
651 1060 677 1079 sit,
688 1062 704 1076 et
714 1060 730 1076 in
738 1060 854 1076 habitatoribus
863 1060 886 1076 vi-

510 1085 569 1101 tiorum
577 1085 655 1101 tumultus
663 1087 679 1101 et.
686 1085 777 1101 colluctatio
785 1085 885 1106 passionum

527 1110 598 1131 Denique
606 1112 665 1131 quanta
671 1110 692 1125 ait
697 1110 748 1125 virtus
753 1109 885 1130 jejunii‚qua.ntua

509 1134 611 1150 abstinentium
619 1134 686 1153 fructus,
692 1134 748 1155 pandit
754 1134 858 1154 Augustinus,
864 1134 886 1150 di-

510 1159 561 1175 cendo
567 1164 570 1175 :
576 1159 657 1179 Jejunium
666 1160 723 1180 purgat
730 1161 806 1178 mentem,
812 1158 886 1175 sublevat

510 1189 581 1202 sensum,
590 1189 654 1200 carnem
665 1183 728 1205 spiritui
741 1183 813 1204 subjicit,
824 1188 851 1199 cor
862 1183 885 1199 ia<

510 1209 532 1225 cit
539 1209 626 1225 contritum
634 1211 650 1224 et
657 1208 766 1227 humiliatum,
772 1208 885 1229 concupiscen-

510 1234 536 1250 tie
544 1233 611 1249 nebulas
618 1234 700 1254 dispergit,
704 1233 790 1249 libidinum
798 1233 885 1253 exstinguit

510 1259 580 1277 ardores,
588 1260 605 1274 et
611 1258 688 1274 castitatis
696 1258 750 1274 lumen
758 1258 836 1273 accendit.
844 1257 885 1273 Hine

510 1284 552 1300 sicut
559 1284 575 1299 in
583 1284 653 1299 themate
661 1285 720 1299 tactum
728 1283 811 1302 cst,laaias
819 1282 885 1304 propbe-

510 1311 526 1325 ta
536 1314 545 1324 a
552 1308 638 1325 ablactatos
645 1313 655 1324 a
663 1308 709 1327 lacte,
717 1308 780 1324 avulsos
790 1308 810 1324 ab
818 1307 867 1323 ubere
875 1313 884 1322 ι

510 1334 569 1349 lavetur
581 1333 677 1350 erudiendos
691 1338 709 1349 ac
722 1332 823 1349 illustrandos
835 1337 844 1348 a
856 1332 885 1348 Do-

814 1365 822 1379 ⁵
