1079 1569
231 127 262 143 612
356 132 431 144 nortuum
442 132 459 143 ιιι
469 131 506 143 ros'r
516 131 581 143 Pascua.

592 135 612 138 ¹—
622 131 643 143 Ab
653 130 751 147 nummos·
762 131 811 143 Smu
821 130 885 145 omns

232 174 287 190 ritates
297 174 348 195 magis
357 179 406 195 quarn
416 174 466 190 futuri
476 174 530 190 soeeuli
540 174 607 190 beatitu-
613 174 627 190 Α
634 173 703 194 huntur;
714 175 730 189 et
742 173 800 192 denuo,
809 173 866 189 Venite
877 173 897 189 ad
910 177 941 192 me,
952 177 998 189 ornnes
1007 177 1048 190 austu

232 199 287 215 dinam
301 199 412 220 exquirentes;
426 199 461 215 ideo
476 199 523 215 modo
537 199 607 219 gaudent

233 223 307 242 inaniter,
313 224 427 240 consolantur
423 224 483 244 mique,
489 223 574 239 carnaliter
581 223 607 239 de-

233 248 317 267 lectantur,
326 248 403 267 deliciari,
412 248 464 267 ditari,
473 248 547 264 honorari
555 248 607 263 nitun-

232 274 266 292 tur3
275 275 291 289 et
300 273 316 288 in
326 273 402 289 omnibus
412 273 438 288 his
448 277 480 289 non
490 274 515 288 est
525 273 569 293 virga
579 272 607 288 Dei

159 300 226 314 Pru-1³⁶.
233 302 282 318 super
291 297 339 318 ipsos,
347 297 375 313 sed
386 297 459 313 laetantur
469 297 508 313 dum
520 297 561 313 male
572 301 607 317 ege-

233 324 275 341 runt,
286 324 302 338 et
313 322 393 338 exsultant
406 322 422 338 in
434 322 482 338 rebus
494 322 574 342 pessimis
585 321 607 337 De

167 349 188 361 Ρ..
194 353 226 363 uu,
232 346 291 367 quibus
298 346 340 362 Deus
346 346 415 363 fatetur:
422 346 478 362 Dimisi
485 351 513 362 eos
520 346 607 362 secundum

160 366 177 377 '¹'
232 371 311 387 desideria
321 371 373 387 cordis
383 376 444 390 eorum,
452 371 510 387 ibunt·
506 376 522 387 ιιι
531 371 607 387 adinven-

232 396 303 412 tionibus
313 396 352 411 suis.

252 420 282 436 Sed
290 420 382 436 intueamur
389 420 427 441 quid
435 420 530 441 restet,quid
537 420 559 436 sit
566 420 607 436 inter

231 444 293 465 justum
301 447 317 461 et
325 445 399 465 impium,
408 445 476 465 qualiter
483 445 543 461 electos
553 449 607 465 repro-

634 198 665 219 qui
673 198 748 214 laboratis
759 200 775 214 et
784 198 845 214 onerati
855 198 899 216 estis,
908 199 924 214 et
933 202 961 218 ego
970 194 1012 213 reri-⁵¹

634 223 675 238 ciam
686 227 720 239 vos.
730 223 806 239 Praeterea
818 222 863 238 vanis
875 222 998 238 delectationibus

634 252 652 263 ac
663 247 758 268 periculosis
770 247 903 268 prosperitatibus
916 247 997 268 impiorum,

634 272 735 293 omnipotens
747 273 788 288 Deus
800 272 870 288 diversas
881 277 900 287 ac
912 276 965 292 graves
975 272 998 287 rni-

634 299 668 313 seet
676 297 779 315 afflictiones,
787 297 897 315 adversitates,
904 296 976 315 miserias,
983 297 997 312 ti-

635 326 692 340 mores,
701 322 769 340 dolores,
777 321 888 340 desolationes,
897 321 913 337 in
921 323 977 337 tantum
984 323 998 336 ut

634 346 708 362 Salomon
717 348 822 367 protestetur:
828 346 908 362 Peccatori
916 345 958 361 dedit
964 345 998 361 nem
1009 349 1046 363 ιιι..

634 371 740 387 afflictionem
750 373 767 387 et
777 375 832 387 curam
843 370 947 391 superfluam.
957 370 974 386 Et
982 366 1015 386 de*

634 396 724 416 conjugatis
735 396 757 411 ait
768 395 853 416 Apostolus
866 400 870 411 z
883 395 998 411 'tribulationem
1007 399 1047 411 inu-2

634 421 686 436 earnis
697 420 779 436 habebunt
790 420 888 440 hujusmodi

654 445 706 464 Quum
718 449 756 466 ergo
768 447 800 461 tam
812 445 851 461 utile
863 446 879 460 et
891 444 953 460 salubre
964 444 982 460 sit
991 449 998 460 a

231 469 292 490 bosque
299 470 341 485 Deus
350 470 434 485 discernat.
443 469 484 485 Ecce
491 471 524 485 tam
533 469 606 490 gloriatio
615 470 627 485 B
635 470 667 486 Deo
682 470 698 485 in
713 470 745 485 vita
760 469 834 490 praesenti
849 471 914 490 paterne
929 469 998 489 castigsri,

231 499 272 510 vana
287 494 378 515 impiorum,
391 499 439 514 quam
454 494 553 510 contristatio
565 494 606 510 bona

230 518 316 539 justorum,
329 519 421 539 temporalis
433 520 462 537 est,
476 518 508 534 imo
521 520 607 534 momenta-

231 547 262 559 nea
275 545 291 559 et
303 543 412 559 modicissima
426 545 500 564 respectu
514 543 606 559 aeternitatis

231 568 268 583 vitm
279 568 366 588 sequentis,
377 569 393 583 et
403 568 498 588 gaudiorum
510 568 606 586 coelestium,

231 597 250 608 ac
258 591 361 608 infernalium
369 594 490 608 tormentorum.
499 592 530 608 Sed
537 592 576 613 quid
584 592 607 608 in-

231 619 256 632 ter
262 617 296 633 haee
304 616 375 632 facturus
382 619 407 633 est
413 617 463 633 ludex
471 617 607 633 altissimuleer-

231 643 247 657 te
257 641 367 662 temporalem,
379 646 435 657 venam
446 646 465 657 ac
477 641 542 657 brevem
553 646 606 662 repro-

231 666 289 682 borum
300 666 422 682 delectationem
435 666 507 687 protinus
520 668 555 687 post
566 666 606 682 lianc

231 691 280 706 vitam
293 693 376 707 convertet
388 691 404 706 in
416 693 498 709 aternam,
511 691 606 707 infernalem

230 715 379 736 amarissimamque
395 715 486 735 tristitiem;
502 715 606 736 temporalem

230 745 268 756 vero
276 740 356 760 justorum
366 740 453 759 tristitiam,
462 745 499 756 mox
509 740 577 756 decurso
584 740 606 756 vi-

634 494 746 515 multipliciter
752 494 829 512 exerceri,
835 494 915 513 tribulari,
921 494 981 514 tentam
986 494 998 509 iu

634 519 692 535 talibus
700 519 793 540 patientiam
800 518 865 537 habere,
873 518 932 539 gratias
939 523 980 539 agere
986 520 999 534 et

635 544 683 560 laetari
698 544 781 562 debemus,
794 543 930 564 quemadmodum
940 543 999 559 lacobus

634 571 689 585 monet
700 568 781 589 apostolus
792 572 795 584 :
806 568 856 584 Omne
868 568 943 589 gaudium
954 568 1048 584 existi-miv.

635 595 682 612 mate,
692 598 742 614 quum
754 593 770 608 in
781 593 833 608 varias
843 593 939 608 tentationes
950 593 999 608 incide-

634 618 674 634 ritis.
680 618 724 634 Unde
731 618 814 639 aptissime
822 618 893 638 loquitur
900 618 998 638 Augustinus:

634 642 713 663 Intelligat
725 642 773 658 homo
785 642 865 658 medicum
878 647 913 658 esse
926 642 977 661 Deum,
986 644 999 658 et

633 667 753 683 tribulationem
764 667 899 683 medicamentum
911 671 945 683 osse
953 667 970 682 ad
979 671 998 682 sa·

634 692 690 710 lutern,
698 696 730 707 non
741 696 804 712 poenam
814 692 833 707 ad
843 691 964 707 damnationem.
972 691 999 707 Sub

634 716 751 732 medicamenta
762 716 829 737 positus,
839 716 895 735 ureris,
905 716 966 734 seo-ris,
974 715 999 731 cla-

634 745 677 761 mas;
687 745 719 757 non
730 743 745 756 te
756 741 800 756 audit
812 741 884 756 medicus
896 741 916 756 ad
928 743 969 756 tuam
978 744 999 756 vo-

231 767 251 781 ιω
257 765 306 786 hujus
315 765 401 784 curriculo,
410 765 426 780 in
435 765 521 783 coelestem,
530 767 605 781 aeternam
614 766 625 782 C
634 766 717 784 luntatem,
726 766 753 781 sed
763 766 782 781 sd
791 768 835 781 tuam
843 766 973 784 commoditatem,
981 765 999 780 vi-

230 794 249 805 ae
257 790 321 810 plenam
329 792 411 805 convertet
418 790 495 806 lietitiam.
503 790 535 806 Nee
544 790 606 805 sufficit

230 814 273 830 bono
281 814 357 835 justoque
367 814 399 830 Deo
409 814 462 830 taliter
473 814 514 830 inter
524 814 574 830 bonos
586 819 605 830 ac

231 839 281 855 malos
293 841 329 859 post
341 839 382 854 hanc
394 839 443 855 vitam
456 839 536 859 dividere3
549 844 605 855 verum

230 864 279 879 etiam
288 864 303 879 in
312 863 531 884 prmsenti,tribulationibus,
536 864 605 879 tristitiis

230 888 333 909 lacrimisque
343 888 428 908 justorum,
439 888 497 904 multas
507 890 523 904 et
534 893 604 909 magnas,

231 912 293 928 nobiles
300 917 319 928 ac
326 913 388 928 divinas
396 913 487 933 permiscet,
495 913 574 934 adjungit,
583 913 605 929 in-

231 937 281 953 nectit
294 937 416 956 consolationes,
431 938 521 956 suavitates,
537 938 604 954 laetitias,

231 962 275 980 Quod
287 964 362 983 expertus
374 962 399 977 vir
411 964 480 981 sanctus,
491 962 523 978 Deo
533 964 577 983 grata
587 967 605 978 ac

168 991 188 1003 Ρ..
196 995 224 1005 mu,
231 986 278 1002 hilari
289 988 342 1002 mente
353 986 411 1002 latetur
420 992 423 1002 :
432 987 522 1002 Secundum
534 987 605 1003 multitu—

158 1008 175 1019 ¹'‘
231 1011 285 1027 dinem
300 1011 373 1027 dolorum
389 1015 461 1027 meorum
474 1011 490 1027 in
502 1012 550 1027 corde
564 1016 604 1030 meo,

231 1036 347 1052 consolationes
357 1037 389 1051 tum
402 1036 523 1051 laetilicaverunt
535 1036 605 1052 animam

164 1065 173 1077 ιι
181 1065 208 1077 ουν.
216 1069 223 1079 ι,
231 1065 293 1080 ιιιοιιιιῐ
303 1062 319 1076 et
331 1060 371 1076 alter
382 1064 385 1075 :

157 1082 185 1094 ⁸·⁴⁴
231 1085 378 1101 misericordiarum
390 1087 406 1101 et
418 1085 460 1101 Deus
472 1085 520 1101 totius
535 1085 605 1101 consola-

231 1109 284 1128 tionis,
297 1110 325 1130 qui
340 1110 430 1125 consolatur
445 1114 473 1125 nos
488 1110 505 1125 iu
518 1110 563 1125 omni
578 1110 605 1125 tri-

231 1134 312 1150 bulatione
324 1136 382 1152 nostra,
394 1134 415 1149 ita
426 1136 444 1149 ut
454 1134 534 1154 possimus
546 1136 562 1150 et
574 1134 605 1155 ipsi

231 1158 309 1174 consolari
319 1163 346 1174 eos
356 1158 383 1179 qui
395 1158 411 1174 in
421 1158 465 1174 omni
475 1163 549 1179 pressura
558 1161 604 1179 sunt3

169 1190 199 1202 Μ,
204 1191 215 1202 ³,
231 1184 307 1204 itemque,
313 1183 357 1199 Sicut
365 1183 446 1199 abundant
450 1183 517 1204 (inquit)
523 1184 604 1204 passiones

231 1208 289 1224 Christi
297 1208 313 1223 in
321 1208 373 1226 nobis,
382 1208 403 1223 its
410 1208 481 1224 abundat
488 1213 516 1228 per
524 1208 604 1224 Christum

230 1233 317 1249 consolatio
332 1234 390 1248 nostra.
404 1233 445 1248 Deus
460 1237 503 1253 ergo,
515 1233 604 1249 seeundum

157 1264 223 1277 rom-am.
230 1258 273 1278 quud
280 1257 358 1278 scriptum
366 1259 396 1276 est,
401 1259 437 1278 post
444 1259 555 1278 tempestatem
563 1260 604 1273 tran-

230 1282 298 1303 quillum
311 1282 355 1300 facit,
369 1283 385 1297 et
397 1284 432 1302 post
444 1282 500 1298 fletum
513 1282 604 1298 exsultatio-

229 1311 266 1322 nem
277 1306 351 1322 insundit.
360 1306 426 1327 Propter
435 1306 476 1327 quod
488 1307 510 1322 ait
519 1307 591 1323 Salvator
599 1311 602 1323 :

155 1336 223 1351 unimam.
229 1331 272 1347 Beati
285 1331 313 1352 qui
327 1331 388 1351 lugent,
400 1331 476 1351 quoniam
489 1331 520 1352 ipsi
532 1331 603 1347 consola-

633 791 691 806 delicet
698 791 787 806 sanitatem.
794 790 873 811 Amplius,
880 795 929 811 quam
936 790 1000 806 salubres

633 815 650 831 in
660 815 706 831 nobis
716 815 784 831 effectus
793 817 870 836 operetur
879 817 945 836 paterna
954 815 1000 835 slngel

633 840 671 856 latio
679 840 774 858 Conditoris,
782 840 838 861 pandit
844 840 949 860 Augustinus,
954 840 1000 855 dieen-

633 865 653 880 do
666 869 670 880 t
683 864 770 885 Flagellum
784 865 865 880 internum
878 864 913 880 sive
925 867 1000 880 externum

633 889 713 910 glorificat
723 889 910 910 Cre-ioremswmpellu
921 889 1000 907 nolentem,

633 914 686 930 erudit
694 914 798 934 ignorantem,
806 914 876 929 custodit
883 913 964 932 virtutem,
971 918 1001 934 pro-

633 939 672 959 tegit
683 938 799 957 infirmitatem,
807 938 866 954 excitat
876 940 970 959 torpentem,
977 938 1001 953 hu—

633 963 685 979 miliat
695 963 820 984 superbientem,
830 964 888 983 purgat
897 963 1000 983 paenitentem,

633 989 697 1003 coronat
705 987 812 1005 innoeentem,
820 987 887 1008 gratiam
896 989 948 1008 auget,
956 992 965 1003 a
971 992 1001 1008 pec—

633 1012 672 1028 catis
680 1014 771 1033 proeservat,
779 1017 788 1027 a
796 1012 855 1028 suturis
862 1012 947 1033 suppliciis
954 1012 999 1032 eripit.

633 1037 688 1052 Merito
701 1036 753 1057 itaque
765 1036 806 1052 dixit
817 1036 903 1057 Gregorius
916 1042 919 1052 :
933 1036 1000 1057 Quisquis

396 1060 491 1076 Benedictus
503 1060 551 1079 Deus,
561 1061 606 1076 Pater
613 1062 626 1077 D
633 1061 728 1077 adversitate
736 1061 869 1082 tribulationesque
876 1061 969 1082 frangimus
974 1065 1001 1081 quo

633 1085 684 1101 sactus
693 1086 713 1101 sit
722 1086 788 1101 minime
796 1086 918 1106 contemplatur.
927 1086 956 1104 Oui
963 1086 1001 1101 enini

633 1110 675 1131 quod
688 1115 719 1126 non
731 1112 765 1126 eret
777 1110 820 1129 fecit,
831 1110 891 1126 factum
903 1111 939 1126 sine
950 1110 1001 1131 guber—

633 1135 697 1150 natione
709 1139 740 1150 non
753 1134 820 1155 desei-523
831 1137 847 1150 et
859 1134 887 1155 qui
900 1134 968 1155 benigne
979 1134 1002 1150 bo-

633 1159 693 1174 minem
703 1159 780 1178 condidit,
788 1163 889 1180 nequaquam
899 1164 937 1175 eum
948 1159 1001 1180 injuste

632 1184 699 1199 cruciari
711 1184 794 1204 permittit.
806 1184 842 1200 Ideo
853 1184 927 1205 quisquis
940 1184 956 1200 in
966 1184 1001 1200 melo

632 1208 724 1224 aeternitatis
735 1208 814 1224 desiderio
826 1208 887 1229 sigitur,
901 1213 930 1224 nee
942 1213 1001 1229 prospe·

632 1233 678 1249 ritate
685 1233 773 1251 extollitur,
782 1238 811 1249 neo
818 1233 913 1249 adversitate
922 1233 1001 1254 dejicitur;

632 1259 648 1273 et
655 1258 692 1273 dum
703 1257 743 1273 nihil
753 1257 801 1273 habet
811 1258 827 1273 in
838 1258 897 1274 mundo
906 1258 949 1279 quod
958 1263 1001 1279 appe-

631 1284 659 1301 tat,
674 1282 714 1298 nilsil
728 1284 753 1298 est
766 1283 809 1303 quod
823 1282 843 1298 de
858 1283 919 1299 mundo
933 1283 1001 1299 amittam

631 1307 738 1328 pertimescat.

648 1331 677 1348 Sed
685 1337 735 1352 quum
742 1332 796 1348 omnia
804 1332 833 1348 ista
841 1332 862 1348 ita
869 1337 886 1348 se
894 1332 1001 1353 habeantque
