1079 1569
24 924 60 933 ιι,
76 914 158 933 .di,non
173 914 216 929 Dei:

18 1122 24 1129 r
30 1122 55 1131 m,
60 1118 82 1128 «o,

16 1219 53 1233 wia.
61 1222 80 1231 ιιι,

16 1291 78 1303 ωᾱιῃ-ι.

311 133 385 146 nonnum
395 133 463 145 rasni-12¹3.
473 137 494 140 —
504 133 553 145 snum
564 133 640 145 saevimus

835 127 865 143 527

87 181 133 192 num.
146 176 162 192 Si
177 181 215 197 ergo
228 176 298 192 carnalia
311 178 327 192 et
340 176 399 192 caduca
407 176 463 196 'magis
471 175 484 191 A
491 175 589 196 gnoscimus,
598 175 619 191 ita
626 177 642 191 et
649 174 688 191 fidei
695 175 744 190 vitam
753 174 768 190 in
776 174 823 190 bonis
830 178 866 195 ope-

87 205 136 221 quam
144 201 233 221 spiritualia
241 203 257 216 et
266 205 336 221 superna
346 201 405 221 quaeris
413 202 429 216 ct
436 205 463 221 ap-

87 225 139 245 petis3
147 225 161 241 si
171 225 207 246 plns
218 225 280 241 laboras
290 227 318 241 aut
328 225 382 245 gliscis
394 225 410 240 in
422 227 464 240 exte-

87 249 158 265 rioribus
166 249 259 270 locupletari
266 252 294 265 aut
301 249 382 268 delectari,
390 254 438 270 quam
447 249 463 264 in

87 274 134 290 donis
140 274 194 294 gratia
199 279 218 290 ae
224 274 299 290 virtutum
305 274 397 294 actibusque
403 274 464 289 devotis

88 298 132 314 intus
141 299 194 317 ditari,
202 301 249 320 atque
261 299 276 314 in
287 299 340 314 anima
350 298 427 317 decorari,
435 303 464 314 nu-

88 323 130 342 triri,
139 323 209 339 roborari
216 328 234 339 ac
242 323 320 339 consolari
329 327 333 339 ε
342 323 382 338 scias
393 323 464 338 nondum

88 349 104 362 te
115 348 204 363 surrexisse
216 352 253 363 curn
265 347 333 365 Clu-isto,
342 347 368 362 sed
381 347 464 367 subjacere

88 374 160 392 peccato,
172 374 188 387 et
198 372 214 387 in
226 374 267 387 siaiu
278 371 385 387 damnationis
398 371 465 387 intelici-

88 398 114 411 ter
124 401 164 412 esse.

109 421 122 436 0
131 423 191 441 quanta
201 423 225 436 est
235 421 297 437 caecitas
308 423 325 436 et
335 421 397 436 insania
407 422 465 436 amato-

89 450 125 461 rum
138 446 192 461 smculi
205 445 264 466 liujus!
274 445 302 466 qni
313 450 363 466 quum
375 445 394 461 de
405 447 465 465 tempo-

491 200 566 216 ribusTu
573 204 611 220 ergo
618 200 632 215 si
639 199 699 215 videris
706 199 787 215 hominem
796 199 812 214 in
819 199 866 215 honis

491 224 567 245 operibus
581 227 664 240 strenuum
675 226 690 240 et
699 224 762 240 fervore
771 223 866 239 conversati-

491 249 526 265 onis
537 249 641 270 spiritualiter
651 248 724 266 hilarem,
733 252 765 264 nou
775 248 839 264 dubites
847 247 866 263 ri-

492 274 528 289 dem
537 274 553 289 in
561 278 580 289 eo
587 274 647 292 vivere,
655 275 703 294 atque
711 278 740 294 per
747 273 777 288 hoc
784 273 864 288 Christum

492 298 508 313 iu
519 302 539 314 eo
549 303 578 319 per
588 298 655 318 gratiam
664 298 740 313 habitare.

512 323 573 338 interea
581 327 646 343 prorsus
655 322 742 338 dolendum
752 324 781 340 est,
789 324 805 337 et
813 322 867 342 deplo-

492 347 541 363 randa
548 349 573 363 est
580 347 711 365 Christianorum,
720 347 753 363 imo
760 347 813 367 potius
822 351 867 362 mun-

491 372 570 387 danorum
581 371 671 390 hominum,
679 371 736 387 vitiose
747 371 803 387 abusio
814 375 817 386 ε
830 371 868 392 quia

492 401 521 417 pro
530 401 549 412 eo
560 397 602 417 quod
612 398 691 412 transacto
700 396 834 417 quadragesimali
844 396 868 416 je-

491 421 537 441 junio
545 423 561 437 et
568 421 661 437 beatissimo
668 421 722 436 altaris
729 421 830 436 Summanu>
836 425 869 436 sus-

493 448 545 466 cepto,
553 445 630 461 deberent
639 446 715 466 deinceps
723 445 791 466 amplius
800 445 869 461 custodi>

88 470 150 486 relibus
167 470 214 486 rebus
230 470 359 491 competentiam,
375 472 402 486 aut
417 470 464 485 etiam
474 471 486 487 B
493 470 511 489 ti,
519 470 585 491 gratiae
596 470 666 486 timorati
674 470 766 489 consistere,
773 472 821 490 atque
831 474 868 485 cum

88 495 203 511 abundantium
214 497 230 510 et
239 495 338 516 opulentiam
351 494 425 513 habeant,
434 494 465 515 spi-

88 519 204 540 ritualiumque
217 519 295 535 bonorum
308 521 381 540 expertes
394 519 431 537 siut,
444 519 466 534 itt

90 544 133 565 quod
147 549 203 565 parum
217 546 244 560 aut
255 544 296 560 nihil
308 544 328 559 de
340 544 427 559 virtutibus
440 544 466 559 ha-

89 569 134 587 bent,
146 568 198 585 nihilo
210 569 263 584 minus
276 569 320 584 omni
334 573 371 584 cum
384 568 466 589 diligentia

89 594 164 609 nituntur
174 593 206 609 sibi
216 594 236 609 de
245 593 351 609 exterioribus
361 595 377 609 et
387 595 466 614 tempora-

89 618 133 634 libus
147 618 217 639 amplius
231 618 321 639 providere,
335 618 415 638 colligere,
428 622 466 638 pos-

89 643 142 658 sidere
153 647 157 658 z
167 643 213 663 quasi
225 643 279 658 anima
291 647 323 658 non
335 643 356 658 sit
366 642 466 663 praestantior

90 672 161 688 corpore,
166 669 182 683 et
189 667 234 688 quasi
242 667 324 683 beatitudo
331 667 401 683 hominis
410 667 426 683 in
433 672 466 682 car-

90 692 155 708 nalibus
167 692 215 708 rebus
227 692 309 710 consistat,
318 694 333 707 et
346 694 421 712 tanquam
433 692 466 707 vita

89 717 145 732 futura
154 721 186 732 non
197 717 217 732 sit
227 717 318 732 diuturnior
325 721 373 737 quam
383 716 417 732 haee
427 721 466 737 prm-

89 746 133 760 sens,
141 746 191 762 quum
202 743 256 757 tamen
267 741 295 756 illa
305 745 342 756 vere
353 743 430 761 perpetua
439 741 465 759 sit,

493 495 556 511 Christo
563 499 646 515 resurgere
655 495 750 510 abstinendo
759 495 779 510 ab
789 495 832 510 omni
842 499 868 510 va-

494 519 543 535 nitate
550 524 569 535 ac
578 519 661 540 pravitate,
670 524 713 535 nunc
723 519 759 540 plus
769 519 816 535 solito
825 519 867 538 veni,

493 544 573 563 dissoluti,
581 544 653 559 carnales
663 544 762 562 efficiuntur,
770 544 851 560 Christum
859 549 868 559 e

494 568 569 584 cordibus
584 568 617 584 suis
632 568 719 589 expellunt,
735 568 819 584 benefieiis
833 568 868 589 ejus

494 593 551 613 ingrati
559 595 602 612 sunt,
611 595 626 609 et
634 598 663 614 pro
671 598 690 609 eo
697 593 787 614 principem
796 593 869 609 tenebra—

494 623 529 633 rum
541 617 622 633 diabolum
634 618 740 633 habitatorem
751 617 823 633 cordium
834 622 869 633 suo-

494 647 529 658 rum
542 642 629 663 aecipiunt-
642 642 682 658 Hinc
695 644 759 658 sanctus
772 644 788 658 et
799 642 869 658 devotis-

494 667 544 683 simus
557 667 580 683 ait
594 667 682 683 Bernardus
696 671 700 682 z
712 667 794 683 Amatores
809 667 869 686 saeculi,

494 692 554 707 inimici
562 692 613 708 crucis
619 692 682 710 Christi,
686 692 712 712 qui
720 692 787 707 inaniter
794 694 870 708 vocantur

494 716 582 735 christiani,
590 718 623 732 toto
630 718 702 737 tempore
710 716 841 737 quadragesimali
849 717 869 732 ad

494 741 527 756 dics
535 741 597 757 inhiant
604 741 736 759 Resurrectionis,
744 741 763 757 ad
771 743 835 762 tempus
844 746 870 762 pa-

90 766 121 782 ista
135 768 188 782 autem
203 766 303 784 brevissimo,
318 767 335 781 et
348 765 466 786 comparatione
475 765 486 781 C
494 766 553 781 schalis
565 765 665 781 solennitatis
675 765 763 786 adspirent,
771 766 813 781 heu!
822 768 840 781 ut
852 766 869 781 li-

90 791 128 807 vit-n
138 791 196 807 futurae
203 791 230 806 vix
240 792 356 806 momentanee.
364 790 434 810 Abjieint
443 795 467 806 er>

90 820 111 836 go
122 820 131 831 a
142 820 159 831 se
171 815 223 831 omnis
234 820 271 830 vere
283 815 393 830 christiiidelis
406 817 466 830 taniam

90 840 186 858 fatuitatem,
199 841 215 855 et
229 839 295 860 impleat
309 839 349 854 illud
362 839 448 855 Psalmistae
461 843 465 854 t

40 873 51 880 ιιι
77 877 81 880 .
91 864 154 880 Divitiae
167 864 181 880 si
194 864 267 882 affluunt,
280 863 330 879 nolite
341 868 369 879 cor
380 868 465 884 apponere.

90 889 132 905 Hinc
140 889 198 905 iterum
205 888 227 904 eit
234 888 311 909 Propheta
319 888 358 904 titiis
366 888 414 908 liujus
423 893 467 904 mun-

231 913 265 930 Filii
280 913 370 931 hominum,
383 917 466 934 usquequo

90 938 136 959 gravi
148 938 205 954 corde?
217 938 235 954 Ut
246 938 284 958 quid
297 938 363 958 diligitis
374 937 465 956 vanitatem,

90 965 107 979 ct
115 963 186 984 quoeritis
195 962 369 983 mendaciumih'empe
377 962 416 983 quid
423 962 466 978 aliud

91 990 122 1006 est,
135 987 250 1008 temporalibus
264 992 283 1003 ac
297 986 401 1002 sensibilibus
417 987 466 1007 magis

91 1017 141 1033 quarn
153 1012 185 1028 Deo
197 1014 213 1027 et
226 1011 274 1027 rebus
286 1011 396 1032 spiritualibus
409 1016 428 1027 ac
441 1016 467 1027 su-

91 1037 147 1058 pernis
159 1037 241 1055 inhnsrere,
253 1041 301 1057 quam
314 1036 386 1052 vanitas?
398 1036 416 1051 Et
428 1036 466 1056 quid

494 790 548 806 berius
557 790 650 811 indulgeant
657 790 734 811 voluptati
737 802 740 808 ,
747 793 765 806 ut
772 791 869 806 vanitatibus

495 815 637 835 impietatibusque
644 815 752 830 abundantius
759 817 821 831 vacent.
829 815 869 831 Hinc

495 840 545 860 ipsius
563 839 653 860 plangimus
670 839 769 855 solennitatis
787 840 869 860 injuriam,

494 869 542 885 quam
550 864 652 880 dissimulare
659 869 691 880 non
701 869 789 885 possumus.
797 864 837 880 Proh
845 865 870 880 do

495 889 518 904 lor
527 891 531 904 t
545 888 621 909 peccandi
637 891 705 909 tempus,
719 889 797 905 terminus
811 889 869 905 recidi-

494 913 542 929 vendi
554 913 596 929 facta
606 915 630 929 est
641 914 736 929 resurrectio
747 913 837 929 Sslvatoris.
847 914 869 929 Ex

495 938 524 953 hoc
534 938 609 959 equidem
620 938 743 954 comessationes
752 938 869 959 ebrietatesque

495 963 567 981 redeunt,
579 962 639 978 cubilia
651 964 667 978 et
680 963 783 983 impudicitia
795 965 869 983 repetun-

495 989 526 1006 tur,
534 989 550 1003 et
558 987 630 1003 laxantur
638 987 772 1008 concupiscentiis
780 987 830 1006 frena,
837 989 870 1003 ten-

494 1016 543 1032 quam
551 1012 570 1027 ud
578 1011 611 1027 haec
619 1012 723 1027 resurrexerit
731 1012 808 1030 Christus,
814 1014 830 1027 et
837 1017 869 1028 non

495 1036 545 1057 magis
553 1038 617 1057 propter
623 1036 756 1056 justificationem
764 1037 869 1052 nostram.Sic

91 1064 117 1077 est
129 1061 209 1077 mundana
222 1061 255 1077 haec
266 1061 314 1076 {allex
325 1060 427 1081 prosperitas,
435 1060 466 1076 nisi
474 1061 487 1076 D
495 1060 581 1079 honoratis,
589 1065 599 1076 o
607 1061 667 1079 miseri,
673 1060 753 1076 Christum
762 1066 809 1081 quem
818 1066 870 1077 susce-

91 1086 199 1104 mendacium,
203 1087 276 1106 respectu
284 1090 325 1101 verm
333 1085 418 1103 felicitatis,
422 1085 467 1105 juxta

92 1111 133 1127 iliud
144 1111 160 1126 in
170 1110 243 1129 Ieremia,
252 1110 292 1125 Vere
303 1110 404 1125 mendacium
415 1114 468 1130 posse>

91 1136 151 1152 derunt
163 1137 216 1156 patres
227 1134 283 1153 nostri,
297 1134 383 1150 venitatem
396 1139 431 1155 quae
444 1134 467 1150 eis

91 1166 124 1177 non
136 1160 207 1181 profuiti

112 1185 179 1205 Insuper
190 1184 293 1205 proeinductis
305 1186 381 1200 consonat
392 1184 434 1204 quod
445 1184 467 1199 ait

90 1209 182 1226 Ber-nardus
191 1213 195 1224 ε
203 1209 299 1229 Accepimus
309 1208 329 1224 ab
339 1208 414 1229 Apostolo
423 1208 467 1224 liubi>

90 1237 126 1250 tare
137 1234 217 1250 Christum
228 1238 257 1254 per
266 1233 317 1249 t'idem
328 1233 344 1248 in
355 1233 430 1248 cordibus
440 1237 467 1248 no-

89 1259 135 1275 stris.
143 1258 227 1279 Propterea
235 1258 295 1273 tamdiu
303 1257 364 1273 habitat
371 1257 442 1273 Christus
450 1258 467 1273 in

89 1283 145 1301 nobis,
153 1282 230 1303 quamdiu
239 1282 280 1298 rides
288 1282 304 1297 in
314 1282 360 1297 nobis
368 1282 412 1297 vivit.
421 1282 467 1297 Fides

89 1310 146 1325 antem
154 1307 189 1323 sine
197 1307 272 1328 operibus
281 1308 340 1322 mortua
348 1308 372 1322 est
380 1306 395 1322 in
404 1311 421 1322 se
429 1306 466 1327 ipsa

87 1333 131 1350 Nem
139 1332 180 1348 sicut
188 1332 259 1352 corporis
266 1331 316 1347 vitam
324 1336 343 1347 ex
352 1333 395 1347 motu
405 1336 434 1347 suo
442 1336 467 1347 co-

495 1085 619 1106 pistisrl'enturo
627 1085 693 1105 parastis
701 1085 871 1106 hospitium,coni'iten-

495 1112 518 1125 tes
527 1111 591 1130 peccata
598 1112 650 1125 vestra
658 1114 694 1125 cum
702 1110 769 1130 gemitu,
775 1110 870 1131 castigantes

495 1139 561 1155 corpore
568 1136 625 1153 vestra,
634 1134 742 1155 eleemosynas
750 1134 869 1155 impendentes3

494 1161 510 1175 et
521 1164 558 1175 ecce
569 1161 661 1179 susceptum
672 1159 739 1179 proditis
752 1159 828 1178 inimicis,
836 1160 870 1175 imo

495 1184 538 1199 exire
551 1183 652 1204 compellitis,
661 1183 722 1204 priores
733 1184 831 1200 admittendo
842 1189 869 1200 ne-

495 1208 553 1229 quitias
562 1213 565 1223 :
574 1213 626 1229 neque
636 1208 679 1223 enim
690 1208 786 1224 cohabitatio
796 1214 831 1224 esse
841 1214 869 1230 po>
884 1216 942 1229 neom„

494 1235 525 1249 test
537 1233 569 1248 luci
581 1237 618 1248 curn
630 1232 706 1251 tenebris,
719 1233 781 1249 Christo
794 1238 831 1249 cum
843 1232 893 1249 sust*-

494 1258 555 1278 perbia,
564 1262 601 1273 cum
613 1257 685 1276 avaritia,
695 1262 732 1273 cum
745 1258 815 1273 fraterno
826 1258 868 1277 odio,

494 1287 531 1298 cum
541 1282 634 1300 ambitione,
642 1286 679 1297 cum
690 1282 757 1297 luxuria.
766 1282 806 1300 Ouid
815 1282 869 1299 minus

494 1307 583 1323 devotionis
591 1307 664 1327 prasenti
673 1306 739 1322 debetur
746 1306 808 1322 Christo
816 1309 832 1323 et
838 1312 869 1323 sus-

495 1334 547 1352 cepto,
555 1336 603 1352 quam
611 1333 678 1347 venturo
686 1333 702 1346 et
710 1331 820 1351 suscipiendo?
828 1332 869 1350 Quid
