1079 1569
20 668 66 683 mmm.

220 129 294 141 mmmm
305 129 393 141 numum.
403 133 424 136 —
433 129 454 140 AB
464 129 562 145 lust-idiosum
573 129 622 141 §mo
633 129 705 141 sarnum

821 124 851 140 5¹9

75 171 104 191 qui
112 171 216 187 excellentius
223 172 288 190 habent,
297 172 328 188 nisi
336 177 372 188 vere
380 172 413 187 sint
420 172 451 187 vir—
457 172 470 187 A
478 173 512 191 tui-3
525 174 541 188 et
553 172 628 191 mundus,
640 174 657 188 ut
668 172 763 191 obtineatur,
775 172 851 192 relinqui-

75 195 118 211 tuosi
129 198 145 211 et
155 196 230 215 humiles,
241 196 293 212 solent
303 196 323 212 ad
334 196 450 217 impatientiam

76 224 111 235 esse
121 221 205 241 proclives,
214 221 245 236 nisi
255 221 306 237 honor
314 221 337 237 eis
344 226 354 237 ι
362 221 415 237 minus
424 221 451 237 do-

75 245 106 260 ctis
116 245 210 261 exhibeatur
218 250 221 261 z
230 246 263 261 imo
272 246 311 261 tales
321 246 388 266 gloriam
397 247 413 261 et
423 246 450 261 ho-

76 273 131 285 norem
142 272 216 290 quaerunt
227 270 320 286 inordinate.
332 270 397 291 Propter
407 270 450 291 quod

75 294 149 310 Salomon
161 294 201 310 dixit
209 299 213 310 :
221 295 239 310 ln
251 295 301 310 multa
311 295 390 316 sapientia
400 295 450 310 multa

61 320 99 335 hest
111 319 207 339 indignatio,
219 321 267 340 atque
279 320 369 340 Apostolus,
380 319 450 335 Scientia

75 343 126 359 inflat.
136 344 195 364 ltaque,
203 349 253 364 quum
262 346 302 360 teste
311 344 375 362 Basilio.
383 344 449 364 gloriam

74 370 91 383 et
97 368 174 384 honoiem
182 369 202 384 ab
210 369 301 384 hominibus
308 369 449 389 quaerere,signum

75 395 99 408 est
112 392 217 412 infidelitatis,
228 395 244 409 et
255 393 326 409 alienum
339 398 374 409 esse
386 398 395 409 a
406 393 449 413 Deo;

75 422 160 433 caveamus
172 418 202 433 hoc
212 418 275 437 vitium,
285 418 298 433 si
308 418 382 434 infideles
394 420 410 434 et
422 418 449 434 ali-

74 442 101 457 eni
113 447 123 457 a
134 442 166 458 Deo
181 447 216 458 esse
227 447 307 461 veremur,
320 447 357 458 cum
370 443 418 459 Paulo
430 448 449 458 ex

75 491 167 510 immortali,
181 491 264 510 invisibili,
276 491 306 507 soli
318 492 356 511 Deo,
369 492 420 508 honor
434 494 450 507 et

73 516 129 536 gloria.

95 540 185 561 Propterea,
193 541 236 561 quod
247 541 310 557 Christo
322 541 338 556 in
349 541 375 557 die
386 541 416 557 hac
426 541 450 556 sic

74 565 152 581 honorato
167 565 259 581 inviderunt
271 565 330 581 Scribas
343 568 358 581 et
370 565 449 584 Pharisaei,

74 590 152 608 dicentes,
165 590 226 606 Videtis
237 590 275 611 quia
288 590 329 606 nihil
342 590 450 611 proficimus?

74 619 113 630 ecee
125 616 166 630 totus
178 615 247 630 mundus
259 615 299 630 abiit
309 617 345 635 post
355 619 402 634 eum;
412 619 451 635 pon>

73 639 128 655 tifices
139 643 208 660 quoque,
216 640 244 660 qui
254 639 270 655 in
281 639 316 659 ejus
327 639 401 655 laudibus
411 639 451 655 indi-

73 665 147 684 gnantes,
156 664 236 682 dixerunt,
244 664 294 680 Audis
302 664 341 684 quid
350 664 376 679 isti
384 664 450 679 dicunt?

73 688 148 709 designat
155 688 197 709 quod
206 688 221 704 in
230 688 317 704 honoribus
325 690 341 704 et
348 688 450 709 potestatibus

73 713 163 731 constituti,
179 713 237 729 multas
251 713 311 729 habent
325 713 449 734 persecutiones,

73 738 325 758 tribulationes,inquietudines,
331 740 347 753 et
355 738 449 753 invidentes.

477 196 524 212 tui-,o
531 199 591 217 quanta
598 199 622 212 est
630 197 694 213 miseria
701 197 753 213 cordis
760 196 852 215 humani,et

477 221 557 241 quomodo
566 226 611 237 amor
623 221 694 242 privatus
705 223 773 237 excaecat
781 226 799 237 ac
810 221 851 236 deci-

477 245 501 266 pit
510 246 592 261 hominem
601 248 604 261 l
615 246 659 262 Unde
670 251 701 262 non
713 246 793 262 immerito
802 246 851 261 simu-
863 251 883 262 m
888 255 924 264 xxxxx

477 270 534 286 latores
544 272 560 286 et
569 270 623 286 callidi
633 272 720 291 provocant
730 271 769 286 iram
779 270 812 286 Dei.
821 270 850 288 Oui
858 268 923 296 ’,ξηιλ

477 296 529 310 autem
537 294 618 312 ambulant
625 295 810 316 simpliciter-‚ambulat
817 299 851 311 oon-

477 319 551 335 fidenter.

497 344 563 364 Insuper
575 344 647 360 Christus
659 344 675 360 in
687 347 731 360 tanta
745 345 770 360 sui
784 345 851 361 honora-

476 368 519 384 tione
527 368 608 384 civitatem
615 369 702 385 Jerusalem
710 369 807 390 deplorando
815 374 851 390 pro-

477 394 512 413 pter
524 393 585 409 futurus
598 393 633 414 ejus
645 394 748 412 calamitates,
759 394 823 410 edocuit
833 396 851 410 ut

477 417 493 432 in
504 417 530 433 die
542 418 606 433 honoris
618 418 643 434 sui
656 418 703 434 homo
715 423 746 434 non
759 419 849 437 extollatur,
867 422 923 435 amun.

476 446 506 457 nec
518 442 603 458 immemor
617 442 638 458 sit
651 443 734 462 malorum,
747 448 776 459 nec
788 443 850 459 viscera
856 439 890 451 ⁴¹¹⁷*

50 467 123 482 ›ucorde
135 467 206 483 dicentes
218 472 222 483 ς
235 467 272 488 Regi
287 469 341 483 antem
354 467 448 483 saeculorum
458 467 469 483 Β
477 466 540 487 pietatis
552 467 638 487 suspendat
649 472 653 483 ε
665 467 697 483 imo
709 469 747 483 tunc
759 468 810 488 magis
822 472 850 489 pro

477 491 528 506 salute
539 491 565 507 sui
577 496 595 507 ac
607 492 675 507 aliorum
690 492 790 511 sollicitetur,
803 495 851 513 atque

477 516 558 531 occultum
566 516 595 532 Dei
604 519 699 537 expavescat
707 517 792 537 judicium,
800 522 851 538 quum

477 540 524 556 electi
535 540 551 556 in
563 540 593 556 boc
603 541 663 557 mundo
674 546 705 557 non
717 541 778 557 soleant
787 546 852 562 prospe-

477 565 514 583 rari,
520 565 548 580 sed
556 565 643 586 aspernari,
651 565 702 586 affligi
711 570 730 581 ac
737 566 790 586 dejici.
797 566 851 587 itaque

477 594 507 605 nee
520 589 600 608 laudibus,
611 594 640 605 nec
652 590 776 609 adulationibus,
788 595 818 606 nec
830 591 852 606 fa-

477 614 549 632 voribus,
555 614 646 630 rumoribus
653 617 681 630 aut
688 615 818 636 quibuscumque
825 615 852 631 ho-

477 638 544 654 noribus
558 638 677 658 obtenebretur,
690 639 775 658 alliciatur,
788 639 852 655 fallatur

477 668 495 678 ac
506 663 563 679 stolide
575 663 663 679 delectetur
674 668 719 679 mens
731 666 789 682 nostra,
800 667 819 680 ut
829 669 852 680 re-

477 687 539 708 linquat
548 688 633 708 justitiam,
641 690 657 704 et
665 693 701 704 suas
710 693 794 708 aerumnas,
803 689 852 710 negli-

477 712 543 732 gentias,
554 712 682 728 defectuositates
693 715 709 728 et
718 714 851 734 transgressiones

477 737 519 752 clare
529 741 548 752 ac
558 737 614 753 intime
625 737 725 753 considerare
734 738 849 754 obliviscatur:

73 762 162 783 Cupiamus
174 767 212 782 ergo
224 762 290 778 subesse
302 764 318 778 et
329 762 400 781 obedire,
411 767 450 783 prie-
457 762 468 778 G
478 761 510 777 imo
520 762 536 777 in
546 762 605 777 talibus
616 767 633 777 se
644 762 693 782 magis
704 762 784 781 humiliet,
792 763 851 779 timens

73 787 131 803 sertim
142 792 192 807 quum
203 792 222 803 ex
232 787 283 803 divini
294 787 420 803 consideratione
430 787 450 803 ri-

72 812 127 832 gorosi
139 812 196 832 judicii
207 812 228 827 ab
238 812 282 827 omni
294 812 381 827 ambitione
393 817 450 827 caven>

38 844 51 853 τι,
62 836 115 852 .dum
130 836 155 852 sit⁴
168 836 250 857 Siquidem
266 837 282 852 in
297 837 323 852 his
337 837 364 857 qui
379 839 450 857 prfflsunt

71 861 187 881 gravissimum
195 861 224 877 fiet
230 861 315 881 judicium*
321 861 382 877 Idcirco
389 861 450 882 optime

71 886 116 901 dixit
127 886 248 906 Chrysostomus
261 890 265 901 Ξ
278 886 316 904 Quis
327 888 351 901 est
363 886 390 906 qui
405 886 450 906 cupit

71 910 190 931 praeletionem,
197 910 228 926 nisi
237 910 265 931 qui
275 915 307 926 non
316 910 361 926 timet
369 910 449 931 judicium

70 935 101 951 Dei
108 935 115 950 2
122 935 171 953 Unde,
177 935 265 950 secundum
273 934 393 955 Hieronymum.
399 935 449 955 magis

70 959 130 975 felices
137 961 174 975 sunt
183 961 199 975 et
210 959 268 978 securi,
276 959 304 980 qui
315 959 387 975 subsunt.
396 959 449 975 Nihilo

70 985 134 1002 minus,
142 986 181 1000 teste
193 984 255 1002 eodem,
263 984 332 1004 superba
343 988 388 999 mens
398 984 449 999 homi-

70 1014 113 1025 num
124 1009 231 1029 periculorum
242 1008 336 1029 improvida,
344 1013 408 1029 semper
416 1013 448 1024 ma-

69 1034 127 1054 jorum
138 1033 233 1053 dignitatum
246 1033 291 1053 cupit
300 1038 390 1051 ascensum,
398 1038 448 1053 quum

477 791 497 802 ne
507 786 548 802 forte
558 791 611 802 coram
621 787 653 802 Deo
663 787 736 803 laudibus
746 789 793 808 atque
804 788 851 804 hono-

477 810 522 826 ribus
533 811 555 827 sit
566 811 635 832 indigna,
643 814 670 827 aut
681 812 745 828 tandem
755 812 851 828 damnabilis

477 835 573 854 inveniatur,
586 838 602 851 et
614 838 657 852 tanto
669 836 733 857 gravius
745 837 852 853 confundatur

477 862 536 880 quanto
551 865 594 876 nunc
606 860 676 881 amplius
691 863 777 881 reputatur.
791 861 852 877 Idcirco

476 884 575 904 Augustinus
585 885 660 901 disseruit
671 890 674 901 τ
685 885 755 901 Remotis
765 886 851 902 obstaculis

477 909 536 925 insanas
547 909 633 930 opinionis,
641 910 701 926 scelera
710 912 726 926 et
734 913 799 931 peecata
809 911 852 926 nuda

477 935 569 954 pensentur,
575 936 621 950 acute
631 934 742 955 inspiciantur,
748 935 788 951 falso
796 936 851 956 tegmi-

476 963 502 976 na,
510 963 587 979 vanaeqne
596 959 650 975 laudes
660 961 676 975 ct
685 959 739 980 gloriae
749 959 850 980 auferantur;

476 985 492 998 et
502 985 540 999 tunc
551 983 652 1004 apparebunt
662 984 730 1000 miserias
741 987 848 1005 peccatorum.

475 1007 515 1023 Hinc
531 1008 547 1023 in
564 1008 653 1024 Proverbiis
669 1009 743 1024 Salomon
759 1009 829 1030 loquitur
844 1014 848 1025 :

475 1032 557 1051 Quomodo
571 1032 648 1053 probatur
659 1033 676 1049 in
688 1034 781 1050 conflatorio
793 1039 848 1055 argen-
855 1042 921 1056 emm-1.

70 1061 128 1074 tamen
138 1057 231 1073 firmissime
238 1057 305 1078 (inquit)
311 1057 364 1073 dicere
375 1057 447 1076 audeam,
455 1057 468 1072 D
475 1058 515 1075 ium,
526 1059 542 1073 et
554 1057 570 1072 in
583 1057 647 1073 fornace
659 1062 725 1077 aurum;
737 1058 760 1074 sic
772 1059 848 1079 probatur
854 1059 872 1069 ¹¹*

69 1082 178 1103 experientiis
185 1086 217 1098 non
225 1082 280 1103 paucis
288 1082 359 1101 edoctus,
367 1082 405 1102 quia
413 1086 448 1098 raro

69 1112 101 1128 per
109 1107 167 1128 gradus
175 1107 268 1127 dignitatum
276 1106 348 1122 ascendit
354 1106 405 1125 homo,
409 1106 447 1127 quin

70 1132 126 1148 multo
132 1131 196 1152 gravius
204 1131 294 1147 descendat.
302 1131 341 1149 lmo,
350 1133 368 1146 ιιι
374 1131 396 1147 ait
403 1131 448 1151 llugo

68 1157 91 1173 de
105 1157 121 1172 S.
132 1156 200 1174 Victore,
208 1156 273 1176 quidam
286 1156 354 1171 bonores
367 1156 411 1176 quasi
423 1155 447 1171 fu-

68 1182 125 1202 giunt,
136 1183 154 1196 ut
167 1181 234 1196 bonores
247 1180 340 1201 anquirant3
353 1180 416 1200 fingunt
431 1185 447 1195 se

69 1206 115 1222 velle
127 1205 199 1223 subesse,
212 1207 229 1220 ut
241 1205 302 1225 possint
317 1209 390 1225 praeesse.
403 1205 447 1225 Saepe

69 1235 144 1251 namque
155 1230 210 1250 gloria,
223 1232 241 1245 ut
253 1229 349 1250 acquiratur,
360 1229 448 1245 contemni-

475 1081 523 1097 liomo
535 1086 562 1097 ore
575 1082 654 1098 laudantis
664 1086 668 1098 2
680 1082 761 1101 videlicet,
772 1084 848 1104 quoniam

474 1106 502 1126 qui
512 1106 590 1122 veraciter
599 1106 652 1126 justus
662 1109 678 1122 et
687 1107 750 1128 sopiens
761 1110 790 1126 est,
799 1108 849 1124 laudi-

475 1130 505 1146 bus
515 1135 547 1146 non
558 1133 626 1147 caecatur
635 1136 665 1147 nec
675 1131 750 1147 flectitur.

495 1155 583 1171 Roboretur
590 1160 627 1176 ergo
635 1161 663 1171 cor
670 1158 742 1172 nostrum
751 1157 768 1172 in
775 1157 849 1176 Domino,

475 1182 491 1195 et
504 1180 558 1196 omnis
572 1180 642 1199 affectio,
655 1181 727 1199 intentio,
740 1182 781 1197 actio
795 1184 850 1198 nostra

474 1203 538 1225 s'emper
549 1204 607 1225 figatur
617 1210 635 1221 ac
645 1208 736 1225 perseveret
746 1206 762 1222 in
772 1206 812 1227 ipso,
821 1206 848 1227 qui

475 1231 498 1244 est
509 1229 603 1245 benedictus
615 1230 631 1245 in
641 1230 703 1246 saecula.
