<?xml version="1.0" encoding="UTF-8"?>
<!DOCTYPE html PUBLIC "-//W3C//DTD XHTML 1.0 Transitional//EN"
    "http://www.w3.org/TR/xhtml1/DTD/xhtml1-transitional.dtd">
<html xmlns="http://www.w3.org/1999/xhtml" xml:lang="en" lang="en">
 <head>
  <title>
</title>
<meta http-equiv="Content-Type" content="text/html;charset=utf-8" />
  <meta name='ocr-system' content='tesseract 3.04.00' />
  <meta name='ocr-capabilities' content='ocr_page ocr_carea ocr_par ocr_line ocrx_word'/>
</head>
<body>
  <div class='ocr_page' id='page_1' title='image "./doctorisecstati07unkngoog_0083.png"; bbox 0 0 1079 1569; ppageno 0'>
   <div class='ocr_carea' id='block_1_1' title="bbox 137 492 199 506">
    <p class='ocr_par' dir='ltr' id='par_1_1' title="bbox 137 492 199 506">
     <span class='ocr_line' id='line_1_1' title="bbox 137 492 199 506; baseline 0.016 -3"><span class='ocrx_word' id='word_1_1' title='bbox 137 492 141 503; x_wconf 85' lang='grc' dir='ltr'>ι</span> <span class='ocrx_word' id='word_1_2' title='bbox 146 492 185 504; x_wconf 65' lang='grc' dir='ltr'>πω,</span> <span class='ocrx_word' id='word_1_3' title='bbox 189 496 199 506; x_wconf 73' lang='lat' dir='ltr'>v.</span> 
     </span>
    </p>
   </div>
   <div class='ocr_carea' id='block_1_2' title="bbox 208 122 228 139">
    <p class='ocr_par' dir='ltr' id='par_1_2' title="bbox 208 122 228 139">
     <span class='ocr_line' id='line_1_2' title="bbox 208 122 228 139; baseline 0 0"><span class='ocrx_word' id='word_1_4' title='bbox 208 122 228 139; x_wconf 69' lang='grc'>58</span> 
     </span>
    </p>
   </div>
   <div class='ocr_carea' id='block_1_3' title="bbox 417 128 777 142">
    <p class='ocr_par' dir='ltr' id='par_1_3' title="bbox 417 128 777 142">
     <span class='ocr_line' id='line_1_3' title="bbox 417 128 777 142; baseline 0 -2"><span class='ocrx_word' id='word_1_5' title='bbox 417 128 491 140; x_wconf 72' lang='grc' dir='ltr'><strong>ΒΟΙΙΙΠΕΔ</strong></span> <span class='ocrx_word' id='word_1_6' title='bbox 501 128 513 140; x_wconf 85' lang='grc' dir='ltr'>Ιῐ</span> <span class='ocrx_word' id='word_1_7' title='bbox 523 128 607 140; x_wconf 72' lang='lat' dir='ltr'>anvmus.</span> <span class='ocrx_word' id='word_1_8' title='bbox 618 132 638 135; x_wconf 73' lang='lat'>¹-</span> <span class='ocrx_word' id='word_1_9' title='bbox 648 128 698 140; x_wconf 68' lang='lat' dir='ltr'>imo</span> <span class='ocrx_word' id='word_1_10' title='bbox 708 128 777 142; x_wconf 66' lang='lat' dir='ltr'>QUARTUS</span> 
     </span>
    </p>
   </div>
   <div class='ocr_carea' id='block_1_4' title="bbox 208 170 989 192">
    <p class='ocr_par' dir='ltr' id='par_1_4' title="bbox 208 170 989 192">
     <span class='ocr_line' id='line_1_4' title="bbox 208 170 989 192; baseline 0 -5"><span class='ocrx_word' id='word_1_11' title='bbox 208 170 272 189; x_wconf 81' lang='lat' dir='ltr'>etionis,</span> <span class='ocrx_word' id='word_1_12' title='bbox 280 173 338 187; x_wconf 79' lang='lat' dir='ltr'>sanctae</span> <span class='ocrx_word' id='word_1_13' title='bbox 349 171 462 192; x_wconf 74' lang='lat' dir='ltr'>simplicitatis,</span> <span class='ocrx_word' id='word_1_14' title='bbox 470 176 511 187; x_wconf 72' lang='grc' dir='ltr'>νει-ω</span> <span class='ocrx_word' id='word_1_15' title='bbox 521 171 583 192; x_wconf 84' lang='lat' dir='ltr'>sapien·</span> <span class='ocrx_word' id='word_1_16' title='bbox 591 172 603 187; x_wconf 80' lang='grc' dir='ltr'>Α</span> <span class='ocrx_word' id='word_1_17' title='bbox 611 173 663 186; x_wconf 85' lang='lat' dir='ltr'>vestes</span> <span class='ocrx_word' id='word_1_18' title='bbox 670 171 719 187; x_wconf 80' lang='lat' dir='ltr'>semel</span> <span class='ocrx_word' id='word_1_19' title='bbox 731 173 793 192; x_wconf 73' lang='lat' dir='ltr'>portare</span> <span class='ocrx_word' id='word_1_20' title='bbox 802 173 834 187; x_wconf 81' lang='lat' dir='ltr'>tun</span> <span class='ocrx_word' id='word_1_21' title='bbox 842 175 889 191; x_wconf 78' lang='lat' dir='ltr'>grave</span> <span class='ocrx_word' id='word_1_22' title='bbox 899 173 923 187; x_wconf 87' lang='lat' dir='ltr'>est</span> <span class='ocrx_word' id='word_1_23' title='bbox 931 175 989 191; x_wconf 79' lang='lat' dir='ltr'>pecca-</span> 
     </span>
    </p>
   </div>
   <div class='ocr_carea' id='block_1_5' title="bbox 207 195 583 462">
    <p class='ocr_par' dir='ltr' id='par_1_5' title="bbox 207 195 583 462">
     <span class='ocr_line' id='line_1_5' title="bbox 208 195 583 216; baseline 0 -5"><span class='ocrx_word' id='word_1_24' title='bbox 208 195 234 211; x_wconf 72' lang='lat' dir='ltr'>tiae</span> <span class='ocrx_word' id='word_1_25' title='bbox 241 200 260 211; x_wconf 84' lang='lat' dir='ltr'>ac</span> <span class='ocrx_word' id='word_1_26' title='bbox 268 195 328 212; x_wconf 76' lang='lat' dir='ltr'>intimae</span> <span class='ocrx_word' id='word_1_27' title='bbox 336 196 470 216; x_wconf 83' lang='lat' dir='ltr'>pietatis,constat</span> <span class='ocrx_word' id='word_1_28' title='bbox 477 196 520 216; x_wconf 78' lang='lat' dir='ltr'>quod</span> <span class='ocrx_word' id='word_1_29' title='bbox 527 200 583 211; x_wconf 84' lang='lat' dir='ltr'>omnes</span> 
     </span>
     <span class='ocr_line' id='line_1_6' title="bbox 208 220 583 239; baseline 0 -3"><span class='ocrx_word' id='word_1_30' title='bbox 208 220 324 236; x_wconf 72' lang='lat' dir='ltr'>christifideles</span> <span class='ocrx_word' id='word_1_31' title='bbox 332 220 390 236; x_wconf 82' lang='lat' dir='ltr'>talibus</span> <span class='ocrx_word' id='word_1_32' title='bbox 398 220 466 236; x_wconf 87' lang='lat' dir='ltr'>debeant</span> <span class='ocrx_word' id='word_1_33' title='bbox 473 220 545 236; x_wconf 74' lang='lat' dir='ltr'>vestibus</span> <span class='ocrx_word' id='word_1_34' title='bbox 554 220 583 239; x_wconf 74' lang='lat' dir='ltr'>uti,</span> 
     </span>
     <span class='ocr_line' id='line_1_7' title="bbox 208 244 583 265; baseline 0.003 -5"><span class='ocrx_word' id='word_1_35' title='bbox 208 244 224 260; x_wconf 90' lang='lat' dir='ltr'>in</span> <span class='ocrx_word' id='word_1_36' title='bbox 237 244 296 265; x_wconf 85' lang='lat' dir='ltr'>quibus</span> <span class='ocrx_word' id='word_1_37' title='bbox 309 245 379 261; x_wconf 78' lang='lat' dir='ltr'>reluceat</span> <span class='ocrx_word' id='word_1_38' title='bbox 391 249 417 261; x_wconf 89' lang='lat' dir='ltr'>eos</span> <span class='ocrx_word' id='word_1_39' title='bbox 432 250 467 261; x_wconf 75' lang='lat' dir='ltr'>esse</span> <span class='ocrx_word' id='word_1_40' title='bbox 479 245 583 265; x_wconf 69' lang='lat' dir='ltr'>professores,</span> 
     </span>
     <span class='ocr_line' id='line_1_8' title="bbox 208 269 583 290; baseline -0.003 -5"><span class='ocrx_word' id='word_1_41' title='bbox 208 271 286 285; x_wconf 72' lang='lat' dir='ltr'>nmatores</span> <span class='ocrx_word' id='word_1_42' title='bbox 296 271 344 290; x_wconf 85' lang='lat' dir='ltr'>atque</span> <span class='ocrx_word' id='word_1_43' title='bbox 355 269 424 285; x_wconf 85' lang='lat' dir='ltr'>cultores</span> <span class='ocrx_word' id='word_1_44' title='bbox 437 269 537 287; x_wconf 70' lang='lat' dir='ltr'>humillimis,</span> <span class='ocrx_word' id='word_1_45' title='bbox 545 269 583 285; x_wconf 83' lang='lat' dir='ltr'>siin-</span> 
     </span>
     <span class='ocr_line' id='line_1_9' title="bbox 208 293 582 314; baseline 0 -5"><span class='ocrx_word' id='word_1_46' title='bbox 208 293 290 314; x_wconf 79' lang='lat' dir='ltr'>plicitatis,</span> <span class='ocrx_word' id='word_1_47' title='bbox 298 294 374 312; x_wconf 63' lang='lat' dir='ltr'>carin-stis,</span> <span class='ocrx_word' id='word_1_48' title='bbox 382 293 464 314; x_wconf 66' lang='lat' dir='ltr'>sapientias</span> <span class='ocrx_word' id='word_1_49' title='bbox 476 295 492 309; x_wconf 87' lang='lat' dir='ltr'>et</span> <span class='ocrx_word' id='word_1_50' title='bbox 504 293 567 314; x_wconf 81' lang='lat' dir='ltr'>pietatis</span> <span class='ocrx_word' id='word_1_51' title='bbox 578 298 582 309; x_wconf 82' lang='lat' dir='ltr'><em>z</em></span> 
     </span>
     <span class='ocr_line' id='line_1_10' title="bbox 208 318 582 339; baseline -0.003 -5"><span class='ocrx_word' id='word_1_52' title='bbox 208 323 228 334; x_wconf 90' lang='lat' dir='ltr'>ne</span> <span class='ocrx_word' id='word_1_53' title='bbox 240 318 276 339; x_wconf 86' lang='lat' dir='ltr'>quis</span> <span class='ocrx_word' id='word_1_54' title='bbox 289 318 359 339; x_wconf 79' lang='lat' dir='ltr'>aliquem</span> <span class='ocrx_word' id='word_1_55' title='bbox 374 323 403 334; x_wconf 94' lang='lat' dir='ltr'>suo</span> <span class='ocrx_word' id='word_1_56' title='bbox 415 318 473 334; x_wconf 73' lang='lat' dir='ltr'>vestitu</span> <span class='ocrx_word' id='word_1_57' title='bbox 487 320 515 334; x_wconf 85' lang='lat' dir='ltr'>aut</span> <span class='ocrx_word' id='word_1_58' title='bbox 526 320 582 334; x_wconf 82' lang='lat' dir='ltr'>ornatu</span> 
     </span>
     <span class='ocr_line' id='line_1_11' title="bbox 208 343 583 364; baseline 0 -6"><span class='ocrx_word' id='word_1_59' title='bbox 208 343 308 361; x_wconf 69' lang='lat' dir='ltr'>scandalizet,</span> <span class='ocrx_word' id='word_1_60' title='bbox 316 343 358 364; x_wconf 82' lang='lat' dir='ltr'>quod</span> <span class='ocrx_word' id='word_1_61' title='bbox 371 345 395 359; x_wconf 80' lang='lat' dir='ltr'>est</span> <span class='ocrx_word' id='word_1_62' title='bbox 405 345 460 359; x_wconf 76' lang='lat' dir='ltr'>contra</span> <span class='ocrx_word' id='word_1_63' title='bbox 471 343 559 361; x_wconf 79' lang='lat' dir='ltr'>caritatem,</span> <span class='ocrx_word' id='word_1_64' title='bbox 567 344 583 358; x_wconf 88' lang='lat' dir='ltr'>et</span> 
     </span>
     <span class='ocr_line' id='line_1_12' title="bbox 209 367 582 388; baseline 0 -5"><span class='ocrx_word' id='word_1_65' title='bbox 209 372 229 383; x_wconf 85' lang='lat' dir='ltr'>ne</span> <span class='ocrx_word' id='word_1_66' title='bbox 242 367 276 388; x_wconf 90' lang='lat' dir='ltr'>ipse</span> <span class='ocrx_word' id='word_1_67' title='bbox 288 367 355 383; x_wconf 84' lang='lat' dir='ltr'>vestitus</span> <span class='ocrx_word' id='word_1_68' title='bbox 367 367 383 383; x_wconf 94' lang='lat' dir='ltr'>in</span> <span class='ocrx_word' id='word_1_69' title='bbox 394 372 411 383; x_wconf 79' lang='lat' dir='ltr'>se</span> <span class='ocrx_word' id='word_1_70' title='bbox 422 368 456 388; x_wconf 87' lang='lat' dir='ltr'>ipso</span> <span class='ocrx_word' id='word_1_71' title='bbox 467 367 582 386; x_wconf 74' lang='lat' dir='ltr'>curiositatem,</span> 
     </span>
     <span class='ocr_line' id='line_1_13' title="bbox 208 392 583 413; baseline -0.003 -5"><span class='ocrx_word' id='word_1_72' title='bbox 208 396 289 413; x_wconf 70' lang='lat' dir='ltr'>pomp-m,</span> <span class='ocrx_word' id='word_1_73' title='bbox 295 392 381 408; x_wconf 76' lang='lat' dir='ltr'>vanitatem</span> <span class='ocrx_word' id='word_1_74' title='bbox 389 394 416 408; x_wconf 82' lang='lat' dir='ltr'>aut</span> <span class='ocrx_word' id='word_1_75' title='bbox 423 392 551 413; x_wconf 78' lang='lat' dir='ltr'>superfluitatem</span> <span class='ocrx_word' id='word_1_76' title='bbox 559 396 583 407; x_wconf 79' lang='lat' dir='ltr'>os-</span> 
     </span>
     <span class='ocr_line' id='line_1_14' title="bbox 207 416 583 437; baseline 0 -5"><span class='ocrx_word' id='word_1_77' title='bbox 207 416 267 435; x_wconf 81' lang='lat' dir='ltr'>tendat,</span> <span class='ocrx_word' id='word_1_78' title='bbox 275 417 317 437; x_wconf 84' lang='lat' dir='ltr'>quod</span> <span class='ocrx_word' id='word_1_79' title='bbox 327 418 351 432; x_wconf 88' lang='lat' dir='ltr'>est</span> <span class='ocrx_word' id='word_1_80' title='bbox 361 418 415 433; x_wconf 85' lang='lat' dir='ltr'>contra</span> <span class='ocrx_word' id='word_1_81' title='bbox 425 416 537 435; x_wconf 88' lang='lat' dir='ltr'>humilitatem,</span> <span class='ocrx_word' id='word_1_82' title='bbox 546 416 583 432; x_wconf 86' lang='lat' dir='ltr'>sim-</span> 
     </span>
     <span class='ocr_line' id='line_1_15' title="bbox 207 441 582 462; baseline 0 -5"><span class='ocrx_word' id='word_1_83' title='bbox 207 441 295 461; x_wconf 82' lang='lat' dir='ltr'>plicitatem</span> <span class='ocrx_word' id='word_1_84' title='bbox 306 446 324 457; x_wconf 89' lang='lat' dir='ltr'>ac</span> <span class='ocrx_word' id='word_1_85' title='bbox 335 441 436 462; x_wconf 80' lang='lat' dir='ltr'>sapientiam,</span> <span class='ocrx_word' id='word_1_86' title='bbox 443 441 463 457; x_wconf 90' lang='lat' dir='ltr'>ad</span> <span class='ocrx_word' id='word_1_87' title='bbox 476 446 515 462; x_wconf 85' lang='lat' dir='ltr'>quas</span> <span class='ocrx_word' id='word_1_88' title='bbox 526 446 582 457; x_wconf 85' lang='lat' dir='ltr'>omnes</span> 
     </span>
    </p>
   </div>
   <div class='ocr_carea' id='block_1_6' title="bbox 610 195 989 462">
    <p class='ocr_par' dir='ltr' id='par_1_6' title="bbox 610 195 989 462">
     <span class='ocr_line' id='line_1_16' title="bbox 611 195 988 216; baseline 0 -5"><span class='ocrx_word' id='word_1_89' title='bbox 611 197 650 214; x_wconf 89' lang='lat' dir='ltr'>tum,</span> <span class='ocrx_word' id='word_1_90' title='bbox 663 200 710 216; x_wconf 76' lang='lat' dir='ltr'>quarn</span> <span class='ocrx_word' id='word_1_91' title='bbox 723 200 788 211; x_wconf 78' lang='lat' dir='ltr'>enorme</span> <span class='ocrx_word' id='word_1_92' title='bbox 800 197 824 211; x_wconf 82' lang='lat' dir='ltr'>est</span> <span class='ocrx_word' id='word_1_93' title='bbox 835 200 862 211; x_wconf 87' lang='lat' dir='ltr'>eas</span> <span class='ocrx_word' id='word_1_94' title='bbox 873 195 945 216; x_wconf 74' lang='lat' dir='ltr'>quotidie</span> <span class='ocrx_word' id='word_1_95' title='bbox 957 200 988 211; x_wconf 86' lang='lat' dir='ltr'>seu</span> 
     </span>
     <span class='ocr_line' id='line_1_17' title="bbox 610 219 989 240; baseline 0 -5"><span class='ocrx_word' id='word_1_96' title='bbox 610 219 703 240; x_wconf 84' lang='lat' dir='ltr'>frequenter</span> <span class='ocrx_word' id='word_1_97' title='bbox 713 221 781 240; x_wconf 78' lang='lat' dir='ltr'>portare,</span> <span class='ocrx_word' id='word_1_98' title='bbox 789 222 805 235; x_wconf 90' lang='lat' dir='ltr'>et</span> <span class='ocrx_word' id='word_1_99' title='bbox 815 224 851 235; x_wconf 88' lang='lat' dir='ltr'>curn</span> <span class='ocrx_word' id='word_1_100' title='bbox 862 220 885 235; x_wconf 85' lang='lat' dir='ltr'>eis</span> <span class='ocrx_word' id='word_1_101' title='bbox 895 220 953 235; x_wconf 86' lang='lat' dir='ltr'>intrare</span> <span class='ocrx_word' id='word_1_102' title='bbox 961 224 989 235; x_wconf 82' lang='lat' dir='ltr'>ec—</span> 
     </span>
     <span class='ocr_line' id='line_1_18' title="bbox 611 244 988 265; baseline 0 -5"><span class='ocrx_word' id='word_1_103' title='bbox 611 244 676 260; x_wconf 80' lang='lat' dir='ltr'>clesiam</span> <span class='ocrx_word' id='word_1_104' title='bbox 687 246 759 265; x_wconf 79' lang='lat' dir='ltr'>tempore</span> <span class='ocrx_word' id='word_1_105' title='bbox 770 244 820 260; x_wconf 90' lang='lat' dir='ltr'>divini</span> <span class='ocrx_word' id='word_1_106' title='bbox 830 244 890 263; x_wconf 75' lang='lat' dir='ltr'>Officii,</span> <span class='ocrx_word' id='word_1_107' title='bbox 899 244 988 265; x_wconf 79' lang='lat' dir='ltr'>multisque</span> 
     </span>
     <span class='ocr_line' id='line_1_19' title="bbox 611 268 987 289; baseline 0 -5"><span class='ocrx_word' id='word_1_108' title='bbox 611 268 633 284; x_wconf 84' lang='lat' dir='ltr'>ibi</span> <span class='ocrx_word' id='word_1_109' title='bbox 648 269 724 285; x_wconf 80' lang='lat' dir='ltr'>exhibere</span> <span class='ocrx_word' id='word_1_110' title='bbox 736 269 835 285; x_wconf 74' lang='lat' dir='ltr'>occasionem</span> <span class='ocrx_word' id='word_1_111' title='bbox 848 269 937 289; x_wconf 62' lang='lat' dir='ltr'>peccandi!</span> <span class='ocrx_word' id='word_1_112' title='bbox 949 269 987 284; x_wconf 83' lang='lat' dir='ltr'>Ideo</span> 
     </span>
     <span class='ocr_line' id='line_1_20' title="bbox 611 293 987 314; baseline 0 -5"><span class='ocrx_word' id='word_1_113' title='bbox 611 293 653 309; x_wconf 89' lang='lat' dir='ltr'>sicut</span> <span class='ocrx_word' id='word_1_114' title='bbox 660 293 676 309; x_wconf 92' lang='lat' dir='ltr'>in</span> <span class='ocrx_word' id='word_1_115' title='bbox 686 293 728 312; x_wconf 83' lang='lat' dir='ltr'>cibo,</span> <span class='ocrx_word' id='word_1_116' title='bbox 737 295 775 314; x_wconf 88' lang='lat' dir='ltr'>potu</span> <span class='ocrx_word' id='word_1_117' title='bbox 785 295 801 309; x_wconf 86' lang='lat' dir='ltr'>et</span> <span class='ocrx_word' id='word_1_118' title='bbox 811 298 872 312; x_wconf 83' lang='lat' dir='ltr'>somno,</span> <span class='ocrx_word' id='word_1_119' title='bbox 881 293 903 309; x_wconf 79' lang='lat' dir='ltr'>its</span> <span class='ocrx_word' id='word_1_120' title='bbox 913 293 929 309; x_wconf 94' lang='lat' dir='ltr'>in</span> <span class='ocrx_word' id='word_1_121' title='bbox 938 293 987 309; x_wconf 63' lang='lat' dir='ltr'>vesti&gt;</span> 
     </span>
     <span class='ocr_line' id='line_1_21' title="bbox 611 317 986 339; baseline 0.003 -6"><span class='ocrx_word' id='word_1_122' title='bbox 611 317 641 333; x_wconf 85' lang='lat' dir='ltr'>bus</span> <span class='ocrx_word' id='word_1_123' title='bbox 650 318 735 339; x_wconf 77' lang='lat' dir='ltr'>quaerenda</span> <span class='ocrx_word' id='word_1_124' title='bbox 745 320 769 335; x_wconf 89' lang='lat' dir='ltr'>est</span> <span class='ocrx_word' id='word_1_125' title='bbox 780 318 840 334; x_wconf 75' lang='lat' dir='ltr'>utilitas</span> <span class='ocrx_word' id='word_1_126' title='bbox 849 318 883 334; x_wconf 87' lang='lat' dir='ltr'>sive</span> <span class='ocrx_word' id='word_1_127' title='bbox 893 318 986 336; x_wconf 79' lang='lat' dir='ltr'>necessitas,</span> 
     </span>
     <span class='ocr_line' id='line_1_22' title="bbox 611 342 987 363; baseline 0 -5"><span class='ocrx_word' id='word_1_128' title='bbox 611 347 642 358; x_wconf 89' lang='lat' dir='ltr'>non</span> <span class='ocrx_word' id='word_1_129' title='bbox 652 343 713 358; x_wconf 82' lang='lat' dir='ltr'>vanitas</span> <span class='ocrx_word' id='word_1_130' title='bbox 723 344 751 358; x_wconf 89' lang='lat' dir='ltr'>aut</span> <span class='ocrx_word' id='word_1_131' title='bbox 760 343 837 363; x_wconf 69' lang='lat' dir='ltr'>voluptas</span> <span class='ocrx_word' id='word_1_132' title='bbox 845 343 879 358; x_wconf 88' lang='lat' dir='ltr'>Irno</span> <span class='ocrx_word' id='word_1_133' title='bbox 889 347 918 358; x_wconf 87' lang='lat' dir='ltr'>cur</span> <span class='ocrx_word' id='word_1_134' title='bbox 927 342 987 358; x_wconf 78' lang='lat' dir='ltr'>misera</span> 
     </span>
     <span class='ocr_line' id='line_1_23' title="bbox 611 367 986 388; baseline 0.003 -6"><span class='ocrx_word' id='word_1_135' title='bbox 611 367 725 388; x_wconf 77' lang='lat' dir='ltr'>immundaque</span> <span class='ocrx_word' id='word_1_136' title='bbox 736 371 777 386; x_wconf 85' lang='lat' dir='ltr'>caro,</span> <span class='ocrx_word' id='word_1_137' title='bbox 786 369 809 383; x_wconf 87' lang='lat' dir='ltr'>tot</span> <span class='ocrx_word' id='word_1_138' title='bbox 820 367 926 383; x_wconf 84' lang='lat' dir='ltr'>immunditiis</span> <span class='ocrx_word' id='word_1_139' title='bbox 937 369 986 388; x_wconf 84' lang='lat' dir='ltr'>atque</span> 
     </span>
     <span class='ocr_line' id='line_1_24' title="bbox 610 391 987 413; baseline 0.003 -6"><span class='ocrx_word' id='word_1_140' title='bbox 610 391 694 407; x_wconf 69' lang='lat' dir='ltr'>foetoribuc</span> <span class='ocrx_word' id='word_1_141' title='bbox 708 392 761 412; x_wconf 87' lang='lat' dir='ltr'>plena,</span> <span class='ocrx_word' id='word_1_142' title='bbox 773 394 796 408; x_wconf 75' lang='lat' dir='ltr'>wt</span> <span class='ocrx_word' id='word_1_143' title='bbox 810 392 854 408; x_wconf 86' lang='lat' dir='ltr'>vitiis</span> <span class='ocrx_word' id='word_1_144' title='bbox 869 392 957 413; x_wconf 72' lang='lat' dir='ltr'>inquinata,</span> <span class='ocrx_word' id='word_1_145' title='bbox 969 394 987 408; x_wconf 77' lang='lat' dir='ltr'>et</span> 
     </span>
     <span class='ocr_line' id='line_1_25' title="bbox 610 416 986 437; baseline 0 -5"><span class='ocrx_word' id='word_1_146' title='bbox 610 416 667 432; x_wconf 76' lang='lat' dir='ltr'>animae</span> <span class='ocrx_word' id='word_1_147' title='bbox 683 418 716 432; x_wconf 83' lang='lat' dir='ltr'>tam</span> <span class='ocrx_word' id='word_1_148' title='bbox 733 416 803 434; x_wconf 84' lang='lat' dir='ltr'>rebellis,</span> <span class='ocrx_word' id='word_1_149' title='bbox 819 421 887 437; x_wconf 79' lang='lat' dir='ltr'>moxque</span> <span class='ocrx_word' id='word_1_150' title='bbox 903 416 986 432; x_wconf 75' lang='lat' dir='ltr'>vermibus</span> 
     </span>
     <span class='ocr_line' id='line_1_26' title="bbox 610 441 986 462; baseline 0.003 -6"><span class='ocrx_word' id='word_1_151' title='bbox 610 445 646 456; x_wconf 78' lang='lat' dir='ltr'>esca</span> <span class='ocrx_word' id='word_1_152' title='bbox 655 441 708 456; x_wconf 81' lang='lat' dir='ltr'>futura</span> <span class='ocrx_word' id='word_1_153' title='bbox 715 443 731 457; x_wconf 77' lang='lat' dir='ltr'>et</span> <span class='ocrx_word' id='word_1_154' title='bbox 739 441 755 456; x_wconf 92' lang='lat' dir='ltr'>in</span> <span class='ocrx_word' id='word_1_155' title='bbox 765 441 826 457; x_wconf 88' lang='lat' dir='ltr'>cineres</span> <span class='ocrx_word' id='word_1_156' title='bbox 835 446 853 456; x_wconf 76' lang='lat' dir='ltr'>nc</span> <span class='ocrx_word' id='word_1_157' title='bbox 861 441 953 462; x_wconf 81' lang='lat' dir='ltr'>putredines</span> <span class='ocrx_word' id='word_1_158' title='bbox 961 446 986 457; x_wconf 80' lang='lat' dir='ltr'>re-</span> 
     </span>
    </p>
   </div>
   <div class='ocr_carea' id='block_1_7' title="bbox 208 465 987 486">
    <p class='ocr_par' dir='ltr' id='par_1_7' title="bbox 208 465 987 486">
     <span class='ocr_line' id='line_1_27' title="bbox 208 465 987 486; baseline 0 -5"><span class='ocrx_word' id='word_1_159' title='bbox 208 465 293 481; x_wconf 80' lang='lat' dir='ltr'>Christinni</span> <span class='ocrx_word' id='word_1_160' title='bbox 307 468 391 486; x_wconf 75' lang='lat' dir='ltr'>tenentur3</span> <span class='ocrx_word' id='word_1_161' title='bbox 404 466 492 486; x_wconf 62' lang='lat' dir='ltr'>prasertim</span> <span class='ocrx_word' id='word_1_162' title='bbox 506 466 582 486; x_wconf 87' lang='lat' dir='ltr'>quoniam</span> <span class='ocrx_word' id='word_1_163' title='bbox 591 465 603 481; x_wconf 87' lang='lat' dir='ltr'>B</span> <span class='ocrx_word' id='word_1_164' title='bbox 610 465 691 484; x_wconf 75' lang='lat' dir='ltr'>solvenda,</span> <span class='ocrx_word' id='word_1_165' title='bbox 699 467 731 481; x_wconf 73' lang='lat' dir='ltr'>tam</span> <span class='ocrx_word' id='word_1_166' title='bbox 742 465 810 486; x_wconf 76' lang='lat' dir='ltr'>pretiose</span> <span class='ocrx_word' id='word_1_167' title='bbox 820 466 892 484; x_wconf 81' lang='lat' dir='ltr'>vestitur,</span> <span class='ocrx_word' id='word_1_168' title='bbox 903 467 935 481; x_wconf 75' lang='lat' dir='ltr'>tam</span> <span class='ocrx_word' id='word_1_169' title='bbox 946 465 987 481; x_wconf 87' lang='lat' dir='ltr'>rnol-</span> 
     </span>
    </p>
   </div>
   <div class='ocr_carea' id='block_1_8' title="bbox 206 490 582 1047">
    <p class='ocr_par' dir='ltr' id='par_1_8' title="bbox 206 490 582 777">
     <span class='ocr_line' id='line_1_28' title="bbox 206 490 582 511; baseline 0 -5"><span class='ocrx_word' id='word_1_170' title='bbox 206 490 252 511; x_wconf 78' lang='lat' dir='ltr'>juxta</span> <span class='ocrx_word' id='word_1_171' title='bbox 261 490 349 506; x_wconf 72' lang='lat' dir='ltr'>doctrinam</span> <span class='ocrx_word' id='word_1_172' title='bbox 359 490 436 511; x_wconf 74' lang='lat' dir='ltr'>Apostoli,</span> <span class='ocrx_word' id='word_1_173' title='bbox 444 490 464 506; x_wconf 84' lang='lat' dir='ltr'>ab</span> <span class='ocrx_word' id='word_1_174' title='bbox 475 490 518 506; x_wconf 90' lang='lat' dir='ltr'>omni</span> <span class='ocrx_word' id='word_1_175' title='bbox 528 490 582 511; x_wconf 81' lang='lat' dir='ltr'>specie</span> 
     </span>
     <span class='ocr_line' id='line_1_29' title="bbox 208 514 582 535; baseline 0 -5"><span class='ocrx_word' id='word_1_176' title='bbox 208 514 245 530; x_wconf 76' lang='lat' dir='ltr'>moli</span> <span class='ocrx_word' id='word_1_177' title='bbox 255 514 335 530; x_wconf 82' lang='lat' dir='ltr'>abstinere</span> <span class='ocrx_word' id='word_1_178' title='bbox 345 517 412 535; x_wconf 73' lang='lat' dir='ltr'>eportet.</span> <span class='ocrx_word' id='word_1_179' title='bbox 421 515 460 530; x_wconf 83' lang='lat' dir='ltr'>Hinc</span> <span class='ocrx_word' id='word_1_180' title='bbox 468 515 525 530; x_wconf 80' lang='lat' dir='ltr'>vitiosa</span> <span class='ocrx_word' id='word_1_181' title='bbox 534 516 582 535; x_wconf 79' lang='lat' dir='ltr'>atque</span> 
     </span>
     <span class='ocr_line' id='line_1_30' title="bbox 207 539 581 557; baseline 0 -2"><span class='ocrx_word' id='word_1_182' title='bbox 207 539 302 555; x_wconf 84' lang='lat' dir='ltr'>damnabilis</span> <span class='ocrx_word' id='word_1_183' title='bbox 316 541 341 555; x_wconf 83' lang='lat' dir='ltr'>est</span> <span class='ocrx_word' id='word_1_184' title='bbox 352 539 478 555; x_wconf 84' lang='lat' dir='ltr'>Christianorum</span> <span class='ocrx_word' id='word_1_185' title='bbox 493 539 581 557; x_wconf 74' lang='lat' dir='ltr'>curiosius,</span> 
     </span>
     <span class='ocr_line' id='line_1_31' title="bbox 207 564 582 585; baseline -0.003 -5"><span class='ocrx_word' id='word_1_186' title='bbox 207 568 266 585; x_wconf 86' lang='lat' dir='ltr'>pompa</span> <span class='ocrx_word' id='word_1_187' title='bbox 275 566 291 580; x_wconf 87' lang='lat' dir='ltr'>et</span> <span class='ocrx_word' id='word_1_188' title='bbox 301 564 369 583; x_wconf 83' lang='lat' dir='ltr'>novitas,</span> <span class='ocrx_word' id='word_1_189' title='bbox 377 564 485 584; x_wconf 78' lang='lat' dir='ltr'>superfluitas,</span> <span class='ocrx_word' id='word_1_190' title='bbox 493 564 555 579; x_wconf 76' lang='lat' dir='ltr'>vanitas</span> <span class='ocrx_word' id='word_1_191' title='bbox 566 566 582 580; x_wconf 88' lang='lat' dir='ltr'>et</span> 
     </span>
     <span class='ocr_line' id='line_1_32' title="bbox 207 588 581 607; baseline 0 -3"><span class='ocrx_word' id='word_1_192' title='bbox 207 588 283 604; x_wconf 79' lang='lat' dir='ltr'>mollities</span> <span class='ocrx_word' id='word_1_193' title='bbox 294 589 310 604; x_wconf 92' lang='lat' dir='ltr'>in</span> <span class='ocrx_word' id='word_1_194' title='bbox 322 588 387 607; x_wconf 86' lang='lat' dir='ltr'>vestitu,</span> <span class='ocrx_word' id='word_1_195' title='bbox 396 588 412 604; x_wconf 91' lang='lat' dir='ltr'>in</span> <span class='ocrx_word' id='word_1_196' title='bbox 425 588 494 604; x_wconf 87' lang='lat' dir='ltr'>vestium</span> <span class='ocrx_word' id='word_1_197' title='bbox 507 588 581 604; x_wconf 77' lang='lat' dir='ltr'>fractills-</span> 
     </span>
     <span class='ocr_line' id='line_1_33' title="bbox 206 612 581 634; baseline -0.003 -5"><span class='ocrx_word' id='word_1_198' title='bbox 206 613 255 632; x_wconf 71' lang='lat' dir='ltr'>tione,</span> <span class='ocrx_word' id='word_1_199' title='bbox 268 613 359 634; x_wconf 81' lang='lat' dir='ltr'>plicatione,</span> <span class='ocrx_word' id='word_1_200' title='bbox 372 613 422 628; x_wconf 90' lang='lat' dir='ltr'>nimia</span> <span class='ocrx_word' id='word_1_201' title='bbox 434 613 521 633; x_wconf 73' lang='lat' dir='ltr'>npertione,</span> <span class='ocrx_word' id='word_1_202' title='bbox 534 612 581 628; x_wconf 85' lang='lat' dir='ltr'>fisan-</span> 
     </span>
     <span class='ocr_line' id='line_1_34' title="bbox 207 637 581 658; baseline 0 -5"><span class='ocrx_word' id='word_1_203' title='bbox 207 642 229 656; x_wconf 88' lang='lat' dir='ltr'>ra,</span> <span class='ocrx_word' id='word_1_204' title='bbox 238 637 320 656; x_wconf 78' lang='lat' dir='ltr'>brevitate,</span> <span class='ocrx_word' id='word_1_205' title='bbox 329 638 400 654; x_wconf 88' lang='lat' dir='ltr'>colorum</span> <span class='ocrx_word' id='word_1_206' title='bbox 408 637 505 656; x_wconf 74' lang='lat' dir='ltr'>diversitate,</span> <span class='ocrx_word' id='word_1_207' title='bbox 513 637 581 658; x_wconf 82' lang='lat' dir='ltr'>aliisque</span> 
     </span>
     <span class='ocr_line' id='line_1_35' title="bbox 206 662 581 683; baseline -0.003 -5"><span class='ocrx_word' id='word_1_208' title='bbox 206 662 290 683; x_wconf 75' lang='lat' dir='ltr'>praetactis.</span> <span class='ocrx_word' id='word_1_209' title='bbox 299 662 364 683; x_wconf 72' lang='lat' dir='ltr'>Propter</span> <span class='ocrx_word' id='word_1_210' title='bbox 376 667 416 683; x_wconf 83' lang='lat' dir='ltr'>quos</span> <span class='ocrx_word' id='word_1_211' title='bbox 428 667 503 678; x_wconf 78' lang='lat' dir='ltr'>excessus</span> <span class='ocrx_word' id='word_1_212' title='bbox 515 662 581 678; x_wconf 76' lang='lat' dir='ltr'>vanissi-</span> 
     </span>
     <span class='ocr_line' id='line_1_36' title="bbox 207 686 581 707; baseline 0 -5"><span class='ocrx_word' id='word_1_213' title='bbox 207 691 241 702; x_wconf 91' lang='lat' dir='ltr'>mos</span> <span class='ocrx_word' id='word_1_214' title='bbox 251 687 299 702; x_wconf 90' lang='lat' dir='ltr'>etiam</span> <span class='ocrx_word' id='word_1_215' title='bbox 310 687 377 707; x_wconf 75' lang='lat' dir='ltr'>gentiles</span> <span class='ocrx_word' id='word_1_216' title='bbox 387 692 405 702; x_wconf 89' lang='lat' dir='ltr'>ac</span> <span class='ocrx_word' id='word_1_217' title='bbox 415 687 497 702; x_wconf 82' lang='lat' dir='ltr'>Sarraceni</span> <span class='ocrx_word' id='word_1_218' title='bbox 507 686 581 702; x_wconf 86' lang='lat' dir='ltr'>Christia-</span> 
     </span>
     <span class='ocr_line' id='line_1_37' title="bbox 206 711 581 730; baseline 0 -3"><span class='ocrx_word' id='word_1_219' title='bbox 206 716 235 727; x_wconf 87' lang='lat' dir='ltr'>nos</span> <span class='ocrx_word' id='word_1_220' title='bbox 242 711 345 727; x_wconf 79' lang='lat' dir='ltr'>vehementer</span> <span class='ocrx_word' id='word_1_221' title='bbox 352 711 429 730; x_wconf 84' lang='lat' dir='ltr'>derident,</span> <span class='ocrx_word' id='word_1_222' title='bbox 433 713 449 727; x_wconf 86' lang='lat' dir='ltr'>et</span> <span class='ocrx_word' id='word_1_223' title='bbox 456 711 581 727; x_wconf 66' lang='lat' dir='ltr'>scandalizantur</span> 
     </span>
     <span class='ocr_line' id='line_1_38' title="bbox 206 736 581 757; baseline -0.003 -5"><span class='ocrx_word' id='word_1_224' title='bbox 206 736 223 752; x_wconf 89' lang='lat' dir='ltr'>in</span> <span class='ocrx_word' id='word_1_225' title='bbox 231 736 260 755; x_wconf 84' lang='lat' dir='ltr'>eis,</span> <span class='ocrx_word' id='word_1_226' title='bbox 265 738 313 757; x_wconf 73' lang='lat' dir='ltr'>atque</span> <span class='ocrx_word' id='word_1_227' title='bbox 320 741 329 752; x_wconf 81' lang='lat' dir='ltr'>a</span> <span class='ocrx_word' id='word_1_228' title='bbox 336 736 426 752; x_wconf 65' lang='lat' dir='ltr'>christianin</span> <span class='ocrx_word' id='word_1_229' title='bbox 434 736 472 752; x_wconf 81' lang='lat' dir='ltr'>fidei</span> <span class='ocrx_word' id='word_1_230' title='bbox 480 736 581 756; x_wconf 80' lang='lat' dir='ltr'>susceptione</span> 
     </span>
     <span class='ocr_line' id='line_1_39' title="bbox 206 761 429 777; baseline 0 -1"><span class='ocrx_word' id='word_1_231' title='bbox 206 765 238 777; x_wconf 86' lang='lat' dir='ltr'>nou</span> <span class='ocrx_word' id='word_1_232' title='bbox 249 761 311 776; x_wconf 85' lang='lat' dir='ltr'>modice</span> <span class='ocrx_word' id='word_1_233' title='bbox 322 761 429 776; x_wconf 76' lang='lat' dir='ltr'>retrahuntur.</span> 
     </span>
    </p>

    <p class='ocr_par' dir='ltr' id='par_1_9' title="bbox 206 785 581 1047">
     <span class='ocr_line' id='line_1_40' title="bbox 229 785 580 806; baseline -0.003 -5"><span class='ocrx_word' id='word_1_234' title='bbox 229 786 315 804; x_wconf 78' lang='lat' dir='ltr'>Postremo,</span> <span class='ocrx_word' id='word_1_235' title='bbox 328 785 417 801; x_wconf 81' lang='lat' dir='ltr'>secundum</span> <span class='ocrx_word' id='word_1_236' title='bbox 432 785 509 804; x_wconf 73' lang='lat' dir='ltr'>doctores,</span> <span class='ocrx_word' id='word_1_237' title='bbox 522 785 538 800; x_wconf 87' lang='lat' dir='ltr'>hi</span> <span class='ocrx_word' id='word_1_238' title='bbox 553 785 580 806; x_wconf 78' lang='lat' dir='ltr'>qui</span> 
     </span>
     <span class='ocr_line' id='line_1_41' title="bbox 206 810 580 830; baseline -0.003 -4"><span class='ocrx_word' id='word_1_239' title='bbox 206 812 258 826; x_wconf 80' lang='lat' dir='ltr'>vestes</span> <span class='ocrx_word' id='word_1_240' title='bbox 268 812 331 830; x_wconf 85' lang='lat' dir='ltr'>portant</span> <span class='ocrx_word' id='word_1_241' title='bbox 340 810 360 825; x_wconf 75' lang='lat' dir='ltr'>ad</span> <span class='ocrx_word' id='word_1_242' title='bbox 372 810 455 826; x_wconf 84' lang='lat' dir='ltr'>libidinem</span> <span class='ocrx_word' id='word_1_243' title='bbox 466 810 580 830; x_wconf 79' lang='lat' dir='ltr'>provocativus,</span> 
     </span>
     <span class='ocr_line' id='line_1_42' title="bbox 206 834 581 856; baseline 0 -6"><span class='ocrx_word' id='word_1_244' title='bbox 206 837 273 856; x_wconf 79' lang='lat' dir='ltr'>peccant</span> <span class='ocrx_word' id='word_1_245' title='bbox 282 834 375 853; x_wconf 79' lang='lat' dir='ltr'>mortaliter,</span> <span class='ocrx_word' id='word_1_246' title='bbox 383 834 457 855; x_wconf 73' lang='lat' dir='ltr'>quamvis</span> <span class='ocrx_word' id='word_1_247' title='bbox 466 839 493 850; x_wconf 84' lang='lat' dir='ltr'>eas</span> <span class='ocrx_word' id='word_1_248' title='bbox 502 839 534 850; x_wconf 86' lang='lat' dir='ltr'>non</span> <span class='ocrx_word' id='word_1_249' title='bbox 545 839 581 855; x_wconf 87' lang='lat' dir='ltr'>por-</span> 
     </span>
     <span class='ocr_line' id='line_1_43' title="bbox 206 858 581 877; baseline 0 -3"><span class='ocrx_word' id='word_1_250' title='bbox 206 861 241 875; x_wconf 79' lang='lat' dir='ltr'>tent</span> <span class='ocrx_word' id='word_1_251' title='bbox 250 859 291 874; x_wconf 74' lang='lat' dir='ltr'>mula</span> <span class='ocrx_word' id='word_1_252' title='bbox 301 859 395 877; x_wconf 84' lang='lat' dir='ltr'>intentione,</span> <span class='ocrx_word' id='word_1_253' title='bbox 403 861 419 874; x_wconf 84' lang='lat' dir='ltr'>et</span> <span class='ocrx_word' id='word_1_254' title='bbox 428 859 477 874; x_wconf 81' lang='lat' dir='ltr'>etism</span> <span class='ocrx_word' id='word_1_255' title='bbox 488 858 525 874; x_wconf 82' lang='lat' dir='ltr'>licet</span> <span class='ocrx_word' id='word_1_256' title='bbox 533 862 581 874; x_wconf 88' lang='lat' dir='ltr'>nemo</span> 
     </span>
     <span class='ocr_line' id='line_1_44' title="bbox 206 883 581 899; baseline -0.003 0"><span class='ocrx_word' id='word_1_257' title='bbox 206 889 225 899; x_wconf 88' lang='lat' dir='ltr'>ex</span> <span class='ocrx_word' id='word_1_258' title='bbox 233 883 304 899; x_wconf 74' lang='lat' dir='ltr'>vestibus</span> <span class='ocrx_word' id='word_1_259' title='bbox 314 883 373 899; x_wconf 89' lang='lat' dir='ltr'>talibus</span> <span class='ocrx_word' id='word_1_260' title='bbox 381 883 400 899; x_wconf 78' lang='lat' dir='ltr'>nd</span> <span class='ocrx_word' id='word_1_261' title='bbox 410 883 495 899; x_wconf 80' lang='lat' dir='ltr'>libidinosa</span> <span class='ocrx_word' id='word_1_262' title='bbox 502 883 581 899; x_wconf 79' lang='lat' dir='ltr'>desideria</span> 
     </span>
     <span class='ocr_line' id='line_1_45' title="bbox 206 907 581 928; baseline -0.003 -4"><span class='ocrx_word' id='word_1_263' title='bbox 206 908 300 924; x_wconf 79' lang='lat' dir='ltr'>concitetur.</span> <span class='ocrx_word' id='word_1_264' title='bbox 308 908 353 924; x_wconf 77' lang='lat' dir='ltr'>Tales</span> <span class='ocrx_word' id='word_1_265' title='bbox 361 908 421 928; x_wconf 80' lang='lat' dir='ltr'>quippe</span> <span class='ocrx_word' id='word_1_266' title='bbox 429 910 507 928; x_wconf 85' lang='lat' dir='ltr'>quantum</span> <span class='ocrx_word' id='word_1_267' title='bbox 517 908 532 923; x_wconf 96' lang='lat' dir='ltr'>in</span> <span class='ocrx_word' id='word_1_268' title='bbox 541 907 581 928; x_wconf 88' lang='lat' dir='ltr'>ipsis</span> 
     </span>
     <span class='ocr_line' id='line_1_46' title="bbox 206 932 581 950; baseline -0.003 -2"><span class='ocrx_word' id='word_1_269' title='bbox 206 935 230 949; x_wconf 81' lang='lat' dir='ltr'>est</span> <span class='ocrx_word' id='word_1_270' title='bbox 240 933 279 948; x_wconf 88' lang='lat' dir='ltr'>alios</span> <span class='ocrx_word' id='word_1_271' title='bbox 292 932 380 948; x_wconf 75' lang='lat' dir='ltr'>mortaliter</span> <span class='ocrx_word' id='word_1_272' title='bbox 390 932 501 950; x_wconf 72' lang='lat' dir='ltr'>scandalizant,</span> <span class='ocrx_word' id='word_1_273' title='bbox 510 932 581 948; x_wconf 80' lang='lat' dir='ltr'>mortife-</span> 
     </span>
     <span class='ocr_line' id='line_1_47' title="bbox 206 956 580 978; baseline -0.003 -5"><span class='ocrx_word' id='word_1_274' title='bbox 206 962 241 973; x_wconf 90' lang='lat' dir='ltr'>rum</span> <span class='ocrx_word' id='word_1_275' title='bbox 256 957 359 978; x_wconf 70' lang='lat' dir='ltr'>propinantes</span> <span class='ocrx_word' id='word_1_276' title='bbox 371 961 457 975; x_wconf 79' lang='lat' dir='ltr'>venenum,</span> <span class='ocrx_word' id='word_1_277' title='bbox 470 957 503 972; x_wconf 85' lang='lat' dir='ltr'>sive</span> <span class='ocrx_word' id='word_1_278' title='bbox 518 956 539 972; x_wconf 85' lang='lat' dir='ltr'>sit</span> <span class='ocrx_word' id='word_1_279' title='bbox 553 957 580 977; x_wconf 86' lang='lat' dir='ltr'>qui</span> 
     </span>
     <span class='ocr_line' id='line_1_48' title="bbox 206 981 580 1002; baseline -0.003 -5"><span class='ocrx_word' id='word_1_280' title='bbox 206 981 256 1000; x_wconf 71' lang='lat' dir='ltr'>bibat,</span> <span class='ocrx_word' id='word_1_281' title='bbox 264 982 298 997; x_wconf 82' lang='lat' dir='ltr'>sive</span> <span class='ocrx_word' id='word_1_282' title='bbox 305 986 342 997; x_wconf 84' lang='lat' dir='ltr'>non.</span> <span class='ocrx_word' id='word_1_283' title='bbox 351 981 371 997; x_wconf 89' lang='lat' dir='ltr'>Et</span> <span class='ocrx_word' id='word_1_284' title='bbox 381 981 410 997; x_wconf 87' lang='lat' dir='ltr'>hoc</span> <span class='ocrx_word' id='word_1_285' title='bbox 421 981 473 1002; x_wconf 89' lang='lat' dir='ltr'>ipsum</span> <span class='ocrx_word' id='word_1_286' title='bbox 481 981 496 997; x_wconf 84' lang='lat' dir='ltr'>S.</span> <span class='ocrx_word' id='word_1_287' title='bbox 505 981 580 1001; x_wconf 79' lang='lat' dir='ltr'>Hierony-</span> 
     </span>
     <span class='ocr_line' id='line_1_49' title="bbox 207 1006 581 1024; baseline -0.003 -2"><span class='ocrx_word' id='word_1_288' title='bbox 207 1011 243 1022; x_wconf 81' lang='lat' dir='ltr'>mus</span> <span class='ocrx_word' id='word_1_289' title='bbox 255 1006 337 1022; x_wconf 77' lang='lat' dir='ltr'>evidenter</span> <span class='ocrx_word' id='word_1_290' title='bbox 349 1007 421 1024; x_wconf 83' lang='lat' dir='ltr'>testatur,</span> <span class='ocrx_word' id='word_1_291' title='bbox 433 1006 501 1021; x_wconf 86' lang='lat' dir='ltr'>dicendo</span> <span class='ocrx_word' id='word_1_292' title='bbox 513 1010 517 1021; x_wconf 75' lang='grc' dir='ltr'>ι</span> <span class='ocrx_word' id='word_1_293' title='bbox 529 1006 545 1021; x_wconf 87' lang='lat' dir='ltr'>Si</span> <span class='ocrx_word' id='word_1_294' title='bbox 556 1006 581 1021; x_wconf 87' lang='lat' dir='ltr'>vir</span> 
     </span>
     <span class='ocr_line' id='line_1_50' title="bbox 206 1030 581 1047; baseline 0 -1"><span class='ocrx_word' id='word_1_295' title='bbox 206 1033 233 1047; x_wconf 87' lang='lat' dir='ltr'>aut</span> <span class='ocrx_word' id='word_1_296' title='bbox 246 1031 303 1046; x_wconf 88' lang='lat' dir='ltr'>mulier</span> <span class='ocrx_word' id='word_1_297' title='bbox 314 1035 332 1046; x_wconf 86' lang='lat' dir='ltr'>se</span> <span class='ocrx_word' id='word_1_298' title='bbox 345 1030 426 1046; x_wconf 83' lang='lat' dir='ltr'>ornaverit</span> <span class='ocrx_word' id='word_1_299' title='bbox 437 1032 453 1046; x_wconf 95' lang='lat' dir='ltr'>et</span> <span class='ocrx_word' id='word_1_300' title='bbox 465 1030 518 1046; x_wconf 78' lang='lat' dir='ltr'>vultus</span> <span class='ocrx_word' id='word_1_301' title='bbox 531 1030 581 1046; x_wconf 85' lang='lat' dir='ltr'>homi-</span> 
     </span>
    </p>
   </div>
   <div class='ocr_carea' id='block_1_9' title="bbox 609 489 986 756">
    <p class='ocr_par' dir='ltr' id='par_1_10' title="bbox 610 489 986 535">
     <span class='ocr_line' id='line_1_51' title="bbox 611 489 986 511; baseline 0.003 -6"><span class='ocrx_word' id='word_1_302' title='bbox 611 489 647 505; x_wconf 71' lang='lat' dir='ltr'>liter</span> <span class='ocrx_word' id='word_1_303' title='bbox 654 492 766 508; x_wconf 76' lang='lat' dir='ltr'>contrectatur,</span> <span class='ocrx_word' id='word_1_304' title='bbox 775 492 791 505; x_wconf 77' lang='lat' dir='ltr'>ot</span> <span class='ocrx_word' id='word_1_305' title='bbox 800 494 832 506; x_wconf 87' lang='lat' dir='ltr'>non</span> <span class='ocrx_word' id='word_1_306' title='bbox 840 490 893 511; x_wconf 77' lang='lat' dir='ltr'>potius</span> <span class='ocrx_word' id='word_1_307' title='bbox 903 490 919 506; x_wconf 94' lang='lat' dir='ltr'>in</span> <span class='ocrx_word' id='word_1_308' title='bbox 927 490 986 506; x_wconf 64' lang='lat' dir='ltr'>anima</span> 
     </span>
     <span class='ocr_line' id='line_1_52' title="bbox 610 514 986 535; baseline 0 -5"><span class='ocrx_word' id='word_1_309' title='bbox 610 514 703 530; x_wconf 82' lang='lat' dir='ltr'>servitutem</span> <span class='ocrx_word' id='word_1_310' title='bbox 714 514 791 535; x_wconf 76' lang='lat' dir='ltr'>redigitur</span> <span class='ocrx_word' id='word_1_311' title='bbox 798 519 816 530; x_wconf 77' lang='lat' dir='ltr'>nc</span> <span class='ocrx_word' id='word_1_312' title='bbox 826 515 879 530; x_wconf 85' lang='lat' dir='ltr'>debite</span> <span class='ocrx_word' id='word_1_313' title='bbox 887 515 986 535; x_wconf 73' lang='lat' dir='ltr'>castigatur?</span> 
     </span>
    </p>

    <p class='ocr_par' dir='ltr' id='par_1_11' title="bbox 609 539 986 756">
     <span class='ocr_line' id='line_1_53' title="bbox 630 539 986 560; baseline 0.003 -6"><span class='ocrx_word' id='word_1_314' title='bbox 630 539 673 554; x_wconf 77' lang='lat' dir='ltr'>Patet</span> <span class='ocrx_word' id='word_1_315' title='bbox 683 539 749 560; x_wconf 87' lang='lat' dir='ltr'>insuper</span> <span class='ocrx_word' id='word_1_316' title='bbox 758 544 777 555; x_wconf 84' lang='lat' dir='ltr'>ex</span> <span class='ocrx_word' id='word_1_317' title='bbox 787 539 867 560; x_wconf 72' lang='lat' dir='ltr'>praedictis</span> <span class='ocrx_word' id='word_1_318' title='bbox 877 544 925 560; x_wconf 77' lang='lat' dir='ltr'>quarn</span> <span class='ocrx_word' id='word_1_319' title='bbox 934 539 986 559; x_wconf 79' lang='lat' dir='ltr'>gravi-</span> 
     </span>
     <span class='ocr_line' id='line_1_54' title="bbox 610 563 986 584; baseline 0 -5"><span class='ocrx_word' id='word_1_320' title='bbox 610 565 634 579; x_wconf 79' lang='lat' dir='ltr'>ter</span> <span class='ocrx_word' id='word_1_321' title='bbox 645 565 712 584; x_wconf 76' lang='lat' dir='ltr'>peccent</span> <span class='ocrx_word' id='word_1_322' title='bbox 722 564 749 584; x_wconf 80' lang='lat' dir='ltr'>qui</span> <span class='ocrx_word' id='word_1_323' title='bbox 760 563 800 580; x_wconf 88' lang='lat' dir='ltr'>filiis</span> <span class='ocrx_word' id='word_1_324' title='bbox 810 564 843 580; x_wconf 81' lang='lat' dir='ltr'>suis</span> <span class='ocrx_word' id='word_1_325' title='bbox 852 565 880 579; x_wconf 89' lang='lat' dir='ltr'>aut</span> <span class='ocrx_word' id='word_1_326' title='bbox 889 563 954 580; x_wconf 72' lang='lat' dir='ltr'>filiabus</span> <span class='ocrx_word' id='word_1_327' title='bbox 963 563 986 579; x_wconf 86' lang='lat' dir='ltr'>fa-</span> 
     </span>
     <span class='ocr_line' id='line_1_55' title="bbox 609 588 985 610; baseline 0 -6"><span class='ocrx_word' id='word_1_328' title='bbox 609 588 655 604; x_wconf 83' lang='lat' dir='ltr'>ciunt</span> <span class='ocrx_word' id='word_1_329' title='bbox 661 590 689 610; x_wconf 74' lang='lat' dir='ltr'>aut</span> <span class='ocrx_word' id='word_1_330' title='bbox 696 588 732 604; x_wconf 89' lang='lat' dir='ltr'>fieri</span> <span class='ocrx_word' id='word_1_331' title='bbox 743 588 803 607; x_wconf 81' lang='lat' dir='ltr'>sinunt,</span> <span class='ocrx_word' id='word_1_332' title='bbox 811 588 897 604; x_wconf 89' lang='lat' dir='ltr'>dummodo</span> <span class='ocrx_word' id='word_1_333' title='bbox 907 588 985 609; x_wconf 80' lang='lat' dir='ltr'>impedire</span> 
     </span>
     <span class='ocr_line' id='line_1_56' title="bbox 609 613 986 634; baseline 0.003 -6"><span class='ocrx_word' id='word_1_334' title='bbox 609 613 676 633; x_wconf 80' lang='lat' dir='ltr'>possint,</span> <span class='ocrx_word' id='word_1_335' title='bbox 681 614 733 628; x_wconf 81' lang='lat' dir='ltr'>vestes</span> <span class='ocrx_word' id='word_1_336' title='bbox 741 613 816 631; x_wconf 87' lang='lat' dir='ltr'>curiosas,</span> <span class='ocrx_word' id='word_1_337' title='bbox 823 613 937 633; x_wconf 78' lang='lat' dir='ltr'>provocativaa,</span> <span class='ocrx_word' id='word_1_338' title='bbox 942 617 986 634; x_wconf 85' lang='lat' dir='ltr'>pom-</span> 
     </span>
     <span class='ocr_line' id='line_1_57' title="bbox 609 637 983 658; baseline 0 -5"><span class='ocrx_word' id='word_1_339' title='bbox 609 637 674 658; x_wconf 82' lang='lat' dir='ltr'>paticas,</span> <span class='ocrx_word' id='word_1_340' title='bbox 687 637 769 658; x_wconf 82' lang='lat' dir='ltr'>pretiosas,</span> <span class='ocrx_word' id='word_1_341' title='bbox 781 637 837 653; x_wconf 85' lang='lat' dir='ltr'>molles</span> <span class='ocrx_word' id='word_1_342' title='bbox 849 639 866 653; x_wconf 87' lang='lat' dir='ltr'>et</span> <span class='ocrx_word' id='word_1_343' title='bbox 877 637 968 658; x_wconf 77' lang='lat' dir='ltr'>superfluas</span> <span class='ocrx_word' id='word_1_344' title='bbox 979 642 983 653; x_wconf 79' lang='lat' dir='ltr'><strong><em>z</em></strong></span> 
     </span>
     <span class='ocr_line' id='line_1_58' title="bbox 609 662 984 682; baseline 0.003 -5"><span class='ocrx_word' id='word_1_345' title='bbox 609 666 646 677; x_wconf 80' lang='lat' dir='ltr'>nam</span> <span class='ocrx_word' id='word_1_346' title='bbox 653 664 668 677; x_wconf 90' lang='lat' dir='ltr'>et</span> <span class='ocrx_word' id='word_1_347' title='bbox 676 662 751 678; x_wconf 87' lang='lat' dir='ltr'>universa</span> <span class='ocrx_word' id='word_1_348' title='bbox 758 664 823 682; x_wconf 82' lang='lat' dir='ltr'>peccata</span> <span class='ocrx_word' id='word_1_349' title='bbox 833 662 870 678; x_wconf 86' lang='lat' dir='ltr'>iude</span> <span class='ocrx_word' id='word_1_350' title='bbox 879 662 960 678; x_wconf 73' lang='lat' dir='ltr'>nascentia</span> <span class='ocrx_word' id='word_1_351' title='bbox 967 662 984 678; x_wconf 87' lang='lat' dir='ltr'>in</span> 
     </span>
     <span class='ocr_line' id='line_1_59' title="bbox 609 686 985 707; baseline 0 -5"><span class='ocrx_word' id='word_1_352' title='bbox 609 688 682 707; x_wconf 84' lang='lat' dir='ltr'>parentes</span> <span class='ocrx_word' id='word_1_353' title='bbox 690 686 783 702; x_wconf 69' lang='lat' dir='ltr'>redundant⁴</span> <span class='ocrx_word' id='word_1_354' title='bbox 792 686 823 702; x_wconf 87' lang='lat' dir='ltr'>Sed</span> <span class='ocrx_word' id='word_1_355' title='bbox 830 688 846 702; x_wconf 86' lang='lat' dir='ltr'>et</span> <span class='ocrx_word' id='word_1_356' title='bbox 853 686 918 707; x_wconf 79' lang='lat' dir='ltr'>quidam</span> <span class='ocrx_word' id='word_1_357' title='bbox 929 691 985 707; x_wconf 78' lang='lat' dir='ltr'>paren-</span> 
     </span>
     <span class='ocr_line' id='line_1_60' title="bbox 609 711 985 732; baseline 0.003 -6"><span class='ocrx_word' id='word_1_358' title='bbox 609 713 632 727; x_wconf 82' lang='lat' dir='ltr'>tes</span> <span class='ocrx_word' id='word_1_359' title='bbox 641 713 672 727; x_wconf 77' lang='lat' dir='ltr'>tam</span> <span class='ocrx_word' id='word_1_360' title='bbox 681 711 720 726; x_wconf 78' lang='lat' dir='ltr'>fatui</span> <span class='ocrx_word' id='word_1_361' title='bbox 729 713 771 729; x_wconf 89' lang='lat' dir='ltr'>sunt,</span> <span class='ocrx_word' id='word_1_362' title='bbox 779 716 849 732; x_wconf 79' lang='lat' dir='ltr'>suosque</span> <span class='ocrx_word' id='word_1_363' title='bbox 856 711 899 727; x_wconf 85' lang='lat' dir='ltr'>filios</span> <span class='ocrx_word' id='word_1_364' title='bbox 906 713 934 727; x_wconf 93' lang='lat' dir='ltr'>aut</span> <span class='ocrx_word' id='word_1_365' title='bbox 941 711 985 727; x_wconf 85' lang='lat' dir='ltr'>filias</span> 
     </span>
     <span class='ocr_line' id='line_1_61' title="bbox 609 736 984 756; baseline 0 -5"><span class='ocrx_word' id='word_1_366' title='bbox 609 737 641 751; x_wconf 79' lang='lat' dir='ltr'>tam</span> <span class='ocrx_word' id='word_1_367' title='bbox 649 736 734 751; x_wconf 71' lang='lat' dir='ltr'>carnaliter</span> <span class='ocrx_word' id='word_1_368' title='bbox 741 738 800 754; x_wconf 88' lang='lat' dir='ltr'>amant,</span> <span class='ocrx_word' id='word_1_369' title='bbox 809 736 851 756; x_wconf 81' lang='lat' dir='ltr'>quod</span> <span class='ocrx_word' id='word_1_370' title='bbox 860 736 946 756; x_wconf 77' lang='lat' dir='ltr'>aritequain</span> <span class='ocrx_word' id='word_1_371' title='bbox 953 736 984 752; x_wconf 83' lang='lat' dir='ltr'>sci-</span> 
     </span>
    </p>
   </div>
   <div class='ocr_carea' id='block_1_10' title="bbox 590 760 985 781">
    <p class='ocr_par' dir='ltr' id='par_1_12' title="bbox 590 760 985 781">
     <span class='ocr_line' id='line_1_62' title="bbox 590 760 985 781; baseline 0.003 -6"><span class='ocrx_word' id='word_1_372' title='bbox 590 761 601 777; x_wconf 86' lang='lat' dir='ltr'>C</span> <span class='ocrx_word' id='word_1_373' title='bbox 609 762 638 775; x_wconf 90' lang='lat' dir='ltr'>unt</span> <span class='ocrx_word' id='word_1_374' title='bbox 650 760 688 781; x_wconf 78' lang='lat' dir='ltr'>quid</span> <span class='ocrx_word' id='word_1_375' title='bbox 698 760 719 775; x_wconf 89' lang='lat' dir='ltr'>sit</span> <span class='ocrx_word' id='word_1_376' title='bbox 729 760 810 781; x_wconf 80' lang='lat' dir='ltr'>superbia,</span> <span class='ocrx_word' id='word_1_377' title='bbox 821 760 879 776; x_wconf 81' lang='lat' dir='ltr'>docent</span> <span class='ocrx_word' id='word_1_378' title='bbox 890 765 918 776; x_wconf 91' lang='lat' dir='ltr'>eos</span> <span class='ocrx_word' id='word_1_379' title='bbox 930 765 985 781; x_wconf 83' lang='lat' dir='ltr'>super·</span> 
     </span>
    </p>
   </div>
   <div class='ocr_carea' id='block_1_11' title="bbox 608 784 985 874">
    <p class='ocr_par' dir='ltr' id='par_1_13' title="bbox 608 784 985 874">
     <span class='ocr_line' id='line_1_63' title="bbox 609 784 985 806; baseline 0.003 -6"><span class='ocrx_word' id='word_1_380' title='bbox 609 784 658 803; x_wconf 86' lang='lat' dir='ltr'>biam,</span> <span class='ocrx_word' id='word_1_381' title='bbox 667 784 739 800; x_wconf 81' lang='lat' dir='ltr'>faciendo</span> <span class='ocrx_word' id='word_1_382' title='bbox 746 785 769 800; x_wconf 81' lang='lat' dir='ltr'>eis</span> <span class='ocrx_word' id='word_1_383' title='bbox 777 787 829 800; x_wconf 84' lang='lat' dir='ltr'>vestes</span> <span class='ocrx_word' id='word_1_384' title='bbox 837 785 913 803; x_wconf 83' lang='lat' dir='ltr'>curiosas,</span> <span class='ocrx_word' id='word_1_385' title='bbox 919 790 985 806; x_wconf 84' lang='lat' dir='ltr'>pompo-</span> 
     </span>
     <span class='ocr_line' id='line_1_64' title="bbox 609 811 984 830; baseline 0 -5"><span class='ocrx_word' id='word_1_386' title='bbox 609 814 639 828; x_wconf 80' lang='lat' dir='ltr'>sas,</span> <span class='ocrx_word' id='word_1_387' title='bbox 652 811 720 828; x_wconf 81' lang='lat' dir='ltr'>ornatas,</span> <span class='ocrx_word' id='word_1_388' title='bbox 733 814 783 830; x_wconf 88' lang='lat' dir='ltr'>quum</span> <span class='ocrx_word' id='word_1_389' title='bbox 795 812 848 825; x_wconf 84' lang='lat' dir='ltr'>tamen</span> <span class='ocrx_word' id='word_1_390' title='bbox 861 812 945 826; x_wconf 84' lang='lat' dir='ltr'>teneantur</span> <span class='ocrx_word' id='word_1_391' title='bbox 956 814 984 826; x_wconf 85' lang='lat' dir='ltr'>eos</span> 
     </span>
     <span class='ocr_line' id='line_1_65' title="bbox 609 834 984 855; baseline 0.003 -6"><span class='ocrx_word' id='word_1_392' title='bbox 609 834 626 849; x_wconf 90' lang='lat' dir='ltr'>in</span> <span class='ocrx_word' id='word_1_393' title='bbox 633 834 680 850; x_wconf 83' lang='lat' dir='ltr'>bonis</span> <span class='ocrx_word' id='word_1_394' title='bbox 690 834 762 850; x_wconf 84' lang='lat' dir='ltr'>moribus</span> <span class='ocrx_word' id='word_1_395' title='bbox 772 834 858 850; x_wconf 72' lang='lat' dir='ltr'>informare</span> <span class='ocrx_word' id='word_1_396' title='bbox 867 836 915 855; x_wconf 76' lang='lat' dir='ltr'>atque</span> <span class='ocrx_word' id='word_1_397' title='bbox 923 839 933 850; x_wconf 88' lang='lat' dir='ltr'>a</span> <span class='ocrx_word' id='word_1_398' title='bbox 940 835 984 850; x_wconf 89' lang='lat' dir='ltr'>vani·</span> 
     </span>
     <span class='ocr_line' id='line_1_66' title="bbox 608 858 757 874; baseline 0 0"><span class='ocrx_word' id='word_1_399' title='bbox 608 858 668 874; x_wconf 77' lang='lat' dir='ltr'>tutibus</span> <span class='ocrx_word' id='word_1_400' title='bbox 679 863 757 874; x_wconf 84' lang='lat' dir='ltr'>coercere.</span> 
     </span>
    </p>
   </div>
   <div class='ocr_carea' id='block_1_12' title="bbox 605 883 983 904">
    <p class='ocr_par' dir='ltr' id='par_1_14' title="bbox 605 883 983 904">
     <span class='ocr_line' id='line_1_67' title="bbox 605 883 983 904; baseline 0.003 -6"><span class='ocrx_word' id='word_1_401' title='bbox 605 892 607 896; x_wconf 89' lang='lat'>·</span> <span class='ocrx_word' id='word_1_402' title='bbox 628 883 693 903; x_wconf 84' lang='lat' dir='ltr'>Legitur</span> <span class='ocrx_word' id='word_1_403' title='bbox 700 883 720 899; x_wconf 82' lang='lat' dir='ltr'>de</span> <span class='ocrx_word' id='word_1_404' title='bbox 728 883 798 899; x_wconf 78' lang='lat' dir='ltr'>virtuoso</span> <span class='ocrx_word' id='word_1_405' title='bbox 807 888 825 899; x_wconf 88' lang='lat' dir='ltr'>ac</span> <span class='ocrx_word' id='word_1_406' title='bbox 835 883 939 899; x_wconf 87' lang='lat' dir='ltr'>devotissimo</span> <span class='ocrx_word' id='word_1_407' title='bbox 947 888 983 904; x_wconf 83' lang='lat' dir='ltr'>rege</span> 
     </span>
    </p>
   </div>
   <div class='ocr_carea' id='block_1_13' title="bbox 609 907 985 1051">
    <p class='ocr_par' dir='ltr' id='par_1_15' title="bbox 609 907 985 1051">
     <span class='ocr_line' id='line_1_68' title="bbox 609 907 983 928; baseline 0 -5"><span class='ocrx_word' id='word_1_408' title='bbox 609 908 705 923; x_wconf 79' lang='lat' dir='ltr'>Francorum</span> <span class='ocrx_word' id='word_1_409' title='bbox 712 907 727 923; x_wconf 87' lang='lat' dir='ltr'>S.</span> <span class='ocrx_word' id='word_1_410' title='bbox 734 907 819 926; x_wconf 81' lang='lat' dir='ltr'>Ludovico,</span> <span class='ocrx_word' id='word_1_411' title='bbox 825 908 867 928; x_wconf 89' lang='lat' dir='ltr'>quod</span> <span class='ocrx_word' id='word_1_412' title='bbox 874 908 929 928; x_wconf 87' lang='lat' dir='ltr'>grisiis</span> <span class='ocrx_word' id='word_1_413' title='bbox 936 910 983 928; x_wconf 81' lang='lat' dir='ltr'>atque</span> 
     </span>
     <span class='ocr_line' id='line_1_69' title="bbox 609 932 984 953; baseline 0 -5"><span class='ocrx_word' id='word_1_414' title='bbox 609 932 697 948; x_wconf 82' lang='lat' dir='ltr'>humilibus</span> <span class='ocrx_word' id='word_1_415' title='bbox 707 932 779 948; x_wconf 81' lang='lat' dir='ltr'>vestibus</span> <span class='ocrx_word' id='word_1_416' title='bbox 790 932 813 948; x_wconf 90' lang='lat' dir='ltr'>uti</span> <span class='ocrx_word' id='word_1_417' title='bbox 825 932 890 948; x_wconf 64' lang='lat' dir='ltr'>solebat,</span> <span class='ocrx_word' id='word_1_418' title='bbox 899 932 984 953; x_wconf 80' lang='lat' dir='ltr'>Quumque</span> 
     </span>
     <span class='ocr_line' id='line_1_70' title="bbox 610 956 983 977; baseline 0 -5"><span class='ocrx_word' id='word_1_419' title='bbox 610 957 652 972; x_wconf 83' lang='lat' dir='ltr'>illius</span> <span class='ocrx_word' id='word_1_420' title='bbox 660 957 737 977; x_wconf 81' lang='lat' dir='ltr'>temporis</span> <span class='ocrx_word' id='word_1_421' title='bbox 747 957 779 972; x_wconf 81' lang='lat' dir='ltr'>dux</span> <span class='ocrx_word' id='word_1_422' title='bbox 788 956 855 972; x_wconf 72' lang='lat' dir='ltr'>Geldriffl</span> <span class='ocrx_word' id='word_1_423' title='bbox 865 962 874 972; x_wconf 86' lang='lat' dir='ltr'>a</span> <span class='ocrx_word' id='word_1_424' title='bbox 883 957 939 973; x_wconf 86' lang='lat' dir='ltr'>nuntio</span> <span class='ocrx_word' id='word_1_425' title='bbox 948 962 983 975; x_wconf 84' lang='lat' dir='ltr'>suo,</span> 
     </span>
     <span class='ocr_line' id='line_1_71' title="bbox 609 981 983 1002; baseline 0 -5"><span class='ocrx_word' id='word_1_426' title='bbox 609 986 657 1002; x_wconf 77' lang='lat' dir='ltr'>quem</span> <span class='ocrx_word' id='word_1_427' title='bbox 666 981 709 997; x_wconf 84' lang='lat' dir='ltr'>misit</span> <span class='ocrx_word' id='word_1_428' title='bbox 719 981 792 1000; x_wconf 74' lang='lat' dir='ltr'>Parisios,</span> <span class='ocrx_word' id='word_1_429' title='bbox 800 986 864 997; x_wconf 82' lang='lat' dir='ltr'>reverso</span> <span class='ocrx_word' id='word_1_430' title='bbox 874 981 983 1002; x_wconf 81' lang='lat' dir='ltr'>interrogaret,</span> 
     </span>
     <span class='ocr_line' id='line_1_72' title="bbox 609 1006 985 1026; baseline 0 -5"><span class='ocrx_word' id='word_1_431' title='bbox 609 1006 665 1021; x_wconf 78' lang='lat' dir='ltr'>Vidisti</span> <span class='ocrx_word' id='word_1_432' title='bbox 673 1010 727 1026; x_wconf 81' lang='lat' dir='ltr'>regem</span> <span class='ocrx_word' id='word_1_433' title='bbox 735 1006 815 1021; x_wconf 75' lang='lat' dir='ltr'>Franciael</span> <span class='ocrx_word' id='word_1_434' title='bbox 822 1008 839 1021; x_wconf 91' lang='lat' dir='ltr'>et</span> <span class='ocrx_word' id='word_1_435' title='bbox 845 1006 912 1022; x_wconf 81' lang='lat' dir='ltr'>nuntius</span> <span class='ocrx_word' id='word_1_436' title='bbox 919 1006 946 1022; x_wconf 86' lang='lat' dir='ltr'>ille</span> <span class='ocrx_word' id='word_1_437' title='bbox 954 1006 985 1022; x_wconf 84' lang='lat' dir='ltr'>col-</span> 
     </span>
     <span class='ocr_line' id='line_1_73' title="bbox 609 1030 984 1051; baseline 0 -5"><span class='ocrx_word' id='word_1_438' title='bbox 609 1030 643 1046; x_wconf 85' lang='lat' dir='ltr'>lurn</span> <span class='ocrx_word' id='word_1_439' title='bbox 651 1035 697 1046; x_wconf 86' lang='lat' dir='ltr'>suum</span> <span class='ocrx_word' id='word_1_440' title='bbox 705 1030 776 1051; x_wconf 75' lang='lat' dir='ltr'>gyrando</span> <span class='ocrx_word' id='word_1_441' title='bbox 783 1035 819 1046; x_wconf 85' lang='lat' dir='ltr'>cum</span> <span class='ocrx_word' id='word_1_442' title='bbox 827 1031 915 1051; x_wconf 76' lang='lat' dir='ltr'>petulantis</span> <span class='ocrx_word' id='word_1_443' title='bbox 921 1035 984 1051; x_wconf 85' lang='lat' dir='ltr'>respon-</span> 
     </span>
    </p>
   </div>
   <div class='ocr_carea' id='block_1_14' title="bbox 205 1055 983 1076">
    <p class='ocr_par' dir='ltr' id='par_1_16' title="bbox 205 1055 983 1076">
     <span class='ocr_line' id='line_1_74' title="bbox 205 1055 983 1076; baseline -0.001 -5"><span class='ocrx_word' id='word_1_444' title='bbox 205 1060 244 1071; x_wconf 89' lang='lat' dir='ltr'>nnm</span> <span class='ocrx_word' id='word_1_445' title='bbox 255 1055 274 1071; x_wconf 79' lang='lat' dir='ltr'>nd</span> <span class='ocrx_word' id='word_1_446' title='bbox 284 1060 301 1071; x_wconf 78' lang='lat' dir='ltr'>se</span> <span class='ocrx_word' id='word_1_447' title='bbox 311 1055 427 1076; x_wconf 75' lang='lat' dir='ltr'>provocaverit,</span> <span class='ocrx_word' id='word_1_448' title='bbox 435 1055 465 1071; x_wconf 83' lang='lat' dir='ltr'>etsi</span> <span class='ocrx_word' id='word_1_449' title='bbox 473 1055 535 1070; x_wconf 90' lang='lat' dir='ltr'>nullum</span> <span class='ocrx_word' id='word_1_450' title='bbox 544 1055 581 1071; x_wconf 88' lang='lat' dir='ltr'>inde</span> <span class='ocrx_word' id='word_1_451' title='bbox 589 1056 601 1072; x_wconf 89' lang='lat' dir='ltr'>D</span> <span class='ocrx_word' id='word_1_452' title='bbox 608 1055 658 1073; x_wconf 86' lang='lat' dir='ltr'>deret,</span> <span class='ocrx_word' id='word_1_453' title='bbox 666 1055 701 1070; x_wconf 85' lang='lat' dir='ltr'>Vidi</span> <span class='ocrx_word' id='word_1_454' title='bbox 709 1055 786 1070; x_wconf 89' lang='lat' dir='ltr'>miserum</span> <span class='ocrx_word' id='word_1_455' title='bbox 794 1055 840 1070; x_wconf 91' lang='lat' dir='ltr'>illum</span> <span class='ocrx_word' id='word_1_456' title='bbox 848 1055 901 1075; x_wconf 86' lang='lat' dir='ltr'>grisiis</span> <span class='ocrx_word' id='word_1_457' title='bbox 911 1055 983 1071; x_wconf 89' lang='lat' dir='ltr'>induturn</span> 
     </span>
    </p>
   </div>
   <div class='ocr_carea' id='block_1_15' title="bbox 205 1079 581 1349">
    <p class='ocr_par' dir='ltr' id='par_1_17' title="bbox 205 1079 581 1349">
     <span class='ocr_line' id='line_1_75' title="bbox 205 1079 581 1101; baseline -0.003 -5"><span class='ocrx_word' id='word_1_458' title='bbox 205 1082 281 1101; x_wconf 79' lang='lat' dir='ltr'>sequatur</span> <span class='ocrx_word' id='word_1_459' title='bbox 292 1080 374 1098; x_wconf 87' lang='lat' dir='ltr'>damnum,</span> <span class='ocrx_word' id='word_1_460' title='bbox 383 1079 480 1100; x_wconf 85' lang='lat' dir='ltr'>supplicium</span> <span class='ocrx_word' id='word_1_461' title='bbox 492 1081 545 1095; x_wconf 84' lang='lat' dir='ltr'>tamen</span> <span class='ocrx_word' id='word_1_462' title='bbox 555 1084 581 1100; x_wconf 80' lang='lat' dir='ltr'>pa-</span> 
     </span>
     <span class='ocr_line' id='line_1_76' title="bbox 205 1104 580 1125; baseline -0.003 -5"><span class='ocrx_word' id='word_1_463' title='bbox 205 1105 254 1120; x_wconf 85' lang='lat' dir='ltr'>tietur</span> <span class='ocrx_word' id='word_1_464' title='bbox 266 1107 348 1123; x_wconf 68' lang='lat' dir='ltr'>mlemum,</span> <span class='ocrx_word' id='word_1_465' title='bbox 358 1104 396 1125; x_wconf 78' lang='lat' dir='ltr'>quia</span> <span class='ocrx_word' id='word_1_466' title='bbox 408 1109 487 1120; x_wconf 78' lang='lat' dir='ltr'>venenum</span> <span class='ocrx_word' id='word_1_467' title='bbox 499 1104 558 1122; x_wconf 81' lang='lat' dir='ltr'>attulit,</span> <span class='ocrx_word' id='word_1_468' title='bbox 567 1104 580 1119; x_wconf 85' lang='lat' dir='ltr'>si</span> 
     </span>
     <span class='ocr_line' id='line_1_77' title="bbox 205 1128 581 1150; baseline 0 -6"><span class='ocrx_word' id='word_1_469' title='bbox 205 1129 262 1145; x_wconf 78' lang='lat' dir='ltr'>fuisset</span> <span class='ocrx_word' id='word_1_470' title='bbox 269 1129 297 1150; x_wconf 84' lang='lat' dir='ltr'>qui</span> <span class='ocrx_word' id='word_1_471' title='bbox 308 1128 374 1144; x_wconf 69' lang='lat' dir='ltr'>biberet⁴</span> <span class='ocrx_word' id='word_1_472' title='bbox 383 1129 427 1147; x_wconf 87' lang='lat' dir='ltr'>Quod</span> <span class='ocrx_word' id='word_1_473' title='bbox 437 1128 450 1144; x_wconf 87' lang='lat' dir='ltr'>si</span> <span class='ocrx_word' id='word_1_474' title='bbox 460 1129 490 1144; x_wconf 94' lang='lat' dir='ltr'>hoc</span> <span class='ocrx_word' id='word_1_475' title='bbox 498 1128 520 1144; x_wconf 76' lang='lat' dir='ltr'>ita</span> <span class='ocrx_word' id='word_1_476' title='bbox 530 1133 547 1144; x_wconf 84' lang='lat' dir='ltr'>sc</span> <span class='ocrx_word' id='word_1_477' title='bbox 555 1129 581 1144; x_wconf 32' lang='lat' dir='ltr'>ha*</span> 
     </span>
     <span class='ocr_line' id='line_1_78' title="bbox 205 1153 580 1174; baseline 0 -5"><span class='ocrx_word' id='word_1_478' title='bbox 205 1154 237 1172; x_wconf 87' lang='lat' dir='ltr'>het,</span> <span class='ocrx_word' id='word_1_479' title='bbox 246 1158 294 1174; x_wconf 79' lang='lat' dir='ltr'>quam</span> <span class='ocrx_word' id='word_1_480' title='bbox 306 1153 393 1169; x_wconf 73' lang='lat' dir='ltr'>enormiter</span> <span class='ocrx_word' id='word_1_481' title='bbox 405 1155 472 1174; x_wconf 85' lang='lat' dir='ltr'>peccaut</span> <span class='ocrx_word' id='word_1_482' title='bbox 482 1153 509 1174; x_wconf 86' lang='lat' dir='ltr'>qui</span> <span class='ocrx_word' id='word_1_483' title='bbox 521 1153 580 1169; x_wconf 82' lang='lat' dir='ltr'>idcirco</span> 
     </span>
     <span class='ocr_line' id='line_1_79' title="bbox 205 1178 581 1198; baseline -0.005 -3"><span class='ocrx_word' id='word_1_484' title='bbox 205 1183 222 1195; x_wconf 77' lang='lat' dir='ltr'>se</span> <span class='ocrx_word' id='word_1_485' title='bbox 235 1180 292 1194; x_wconf 83' lang='lat' dir='ltr'>ornant</span> <span class='ocrx_word' id='word_1_486' title='bbox 303 1180 320 1193; x_wconf 93' lang='lat' dir='ltr'>ut</span> <span class='ocrx_word' id='word_1_487' title='bbox 332 1178 367 1193; x_wconf 88' lang='lat' dir='ltr'>aliis</span> <span class='ocrx_word' id='word_1_488' title='bbox 379 1178 464 1193; x_wconf 75' lang='lat' dir='ltr'>carnaliter</span> <span class='ocrx_word' id='word_1_489' title='bbox 476 1178 554 1198; x_wconf 71' lang='lat' dir='ltr'>placeant,</span> <span class='ocrx_word' id='word_1_490' title='bbox 564 1180 581 1194; x_wconf 82' lang='lat' dir='ltr'>et</span> 
     </span>
     <span class='ocr_line' id='line_1_80' title="bbox 205 1202 580 1219; baseline -0.003 0"><span class='ocrx_word' id='word_1_491' title='bbox 205 1203 225 1219; x_wconf 81' lang='lat' dir='ltr'>ad</span> <span class='ocrx_word' id='word_1_492' title='bbox 235 1207 330 1219; x_wconf 78' lang='lat' dir='ltr'>consensum</span> <span class='ocrx_word' id='word_1_493' title='bbox 343 1204 371 1218; x_wconf 82' lang='lat' dir='ltr'>aut</span> <span class='ocrx_word' id='word_1_494' title='bbox 382 1205 435 1218; x_wconf 76' lang='lat' dir='ltr'>actum</span> <span class='ocrx_word' id='word_1_495' title='bbox 448 1202 523 1218; x_wconf 80' lang='lat' dir='ltr'>vitiosum</span> <span class='ocrx_word' id='word_1_496' title='bbox 536 1203 580 1218; x_wconf 89' lang='lat' dir='ltr'>indu-</span> 
     </span>
     <span class='ocr_line' id='line_1_81' title="bbox 205 1227 579 1246; baseline 0 -3"><span class='ocrx_word' id='word_1_497' title='bbox 205 1228 253 1244; x_wconf 66' lang='lat' dir='ltr'>cant?</span> <span class='ocrx_word' id='word_1_498' title='bbox 260 1228 304 1246; x_wconf 85' lang='lat' dir='ltr'>Quod</span> <span class='ocrx_word' id='word_1_499' title='bbox 312 1229 365 1243; x_wconf 84' lang='lat' dir='ltr'>autem</span> <span class='ocrx_word' id='word_1_500' title='bbox 373 1229 425 1243; x_wconf 85' lang='lat' dir='ltr'>vestes</span> <span class='ocrx_word' id='word_1_501' title='bbox 434 1227 506 1246; x_wconf 79' lang='lat' dir='ltr'>curiosae,</span> <span class='ocrx_word' id='word_1_502' title='bbox 514 1229 579 1246; x_wconf 66' lang='lat' dir='ltr'>ornata),</span> 
     </span>
     <span class='ocr_line' id='line_1_82' title="bbox 205 1252 580 1274; baseline -0.003 -6"><span class='ocrx_word' id='word_1_503' title='bbox 205 1253 284 1274; x_wconf 78' lang='lat' dir='ltr'>preticsoe,</span> <span class='ocrx_word' id='word_1_504' title='bbox 298 1256 384 1273; x_wconf 67' lang='lat' dir='ltr'>pomposae,</span> <span class='ocrx_word' id='word_1_505' title='bbox 396 1252 416 1267; x_wconf 77' lang='lat' dir='ltr'>ad</span> <span class='ocrx_word' id='word_1_506' title='bbox 429 1252 500 1268; x_wconf 84' lang='lat' dir='ltr'>carnales</span> <span class='ocrx_word' id='word_1_507' title='bbox 512 1252 580 1268; x_wconf 82' lang='lat' dir='ltr'>affectus</span> 
     </span>
     <span class='ocr_line' id='line_1_83' title="bbox 205 1276 580 1298; baseline 0 -6"><span class='ocrx_word' id='word_1_508' title='bbox 205 1279 292 1298; x_wconf 75' lang='lat' dir='ltr'>turpesque</span> <span class='ocrx_word' id='word_1_509' title='bbox 299 1279 343 1292; x_wconf 84' lang='lat' dir='ltr'>actus</span> <span class='ocrx_word' id='word_1_510' title='bbox 351 1276 458 1295; x_wconf 73' lang='lat' dir='ltr'>inflamment,</span> <span class='ocrx_word' id='word_1_511' title='bbox 466 1276 505 1297; x_wconf 80' lang='lat' dir='ltr'>quid</span> <span class='ocrx_word' id='word_1_512' title='bbox 513 1276 580 1297; x_wconf 80' lang='lat' dir='ltr'>probare</span> 
     </span>
     <span class='ocr_line' id='line_1_84' title="bbox 205 1301 581 1322; baseline -0.005 -4"><span class='ocrx_word' id='word_1_513' title='bbox 205 1306 270 1318; x_wconf 78' lang='lat' dir='ltr'>necesse</span> <span class='ocrx_word' id='word_1_514' title='bbox 282 1303 311 1320; x_wconf 80' lang='lat' dir='ltr'>est,</span> <span class='ocrx_word' id='word_1_515' title='bbox 323 1306 373 1322; x_wconf 77' lang='lat' dir='ltr'>quum</span> <span class='ocrx_word' id='word_1_516' title='bbox 386 1301 401 1316; x_wconf 92' lang='lat' dir='ltr'>id</span> <span class='ocrx_word' id='word_1_517' title='bbox 414 1301 470 1317; x_wconf 84' lang='lat' dir='ltr'>infelix</span> <span class='ocrx_word' id='word_1_518' title='bbox 482 1301 581 1321; x_wconf 82' lang='lat' dir='ltr'>experientia</span> 
     </span>
     <span class='ocr_line' id='line_1_85' title="bbox 206 1325 580 1349; baseline -0.003 -7"><span class='ocrx_word' id='word_1_519' title='bbox 206 1326 277 1349; x_wconf 78' lang='lat' dir='ltr'>quotidie</span> <span class='ocrx_word' id='word_1_520' title='bbox 290 1326 337 1342; x_wconf 85' lang='lat' dir='ltr'>toties</span> <span class='ocrx_word' id='word_1_521' title='bbox 351 1326 420 1342; x_wconf 76' lang='lat' dir='ltr'>docenti</span> <span class='ocrx_word' id='word_1_522' title='bbox 432 1325 503 1346; x_wconf 85' lang='lat' dir='ltr'>Denique</span> <span class='ocrx_word' id='word_1_523' title='bbox 515 1326 528 1341; x_wconf 85' lang='lat' dir='ltr'>si</span> <span class='ocrx_word' id='word_1_524' title='bbox 541 1326 580 1341; x_wconf 82' lang='lat' dir='ltr'>tales</span> 
     </span>
    </p>
   </div>
   <div class='ocr_carea' id='block_1_16' title="bbox 608 1079 983 1247">
    <p class='ocr_par' dir='ltr' id='par_1_18' title="bbox 608 1079 983 1247">
     <span class='ocr_line' id='line_1_86' title="bbox 608 1079 983 1100; baseline 0.003 -6"><span class='ocrx_word' id='word_1_525' title='bbox 608 1081 625 1095; x_wconf 86' lang='lat' dir='ltr'>et</span> <span class='ocrx_word' id='word_1_526' title='bbox 636 1079 712 1100; x_wconf 85' lang='lat' dir='ltr'>capitium</span> <span class='ocrx_word' id='word_1_527' title='bbox 725 1079 755 1095; x_wconf 80' lang='lat' dir='ltr'>sul)</span> <span class='ocrx_word' id='word_1_528' title='bbox 768 1081 804 1099; x_wconf 78' lang='lat' dir='ltr'>toga</span> <span class='ocrx_word' id='word_1_529' title='bbox 817 1079 874 1100; x_wconf 74' lang='lat' dir='ltr'>partim</span> <span class='ocrx_word' id='word_1_530' title='bbox 887 1079 983 1099; x_wconf 83' lang='lat' dir='ltr'>habentem;</span> 
     </span>
     <span class='ocr_line' id='line_1_87' title="bbox 608 1103 983 1124; baseline 0 -5"><span class='ocrx_word' id='word_1_531' title='bbox 608 1104 681 1124; x_wconf 87' lang='lat' dir='ltr'>protinus</span> <span class='ocrx_word' id='word_1_532' title='bbox 692 1103 750 1119; x_wconf 89' lang='lat' dir='ltr'>collum</span> <span class='ocrx_word' id='word_1_533' title='bbox 762 1103 814 1119; x_wconf 88' lang='lat' dir='ltr'>nuntii</span> <span class='ocrx_word' id='word_1_534' title='bbox 826 1103 842 1119; x_wconf 90' lang='lat' dir='ltr'>in</span> <span class='ocrx_word' id='word_1_535' title='bbox 853 1104 880 1119; x_wconf 93' lang='lat' dir='ltr'>illa</span> <span class='ocrx_word' id='word_1_536' title='bbox 890 1104 983 1120; x_wconf 76' lang='lat' dir='ltr'>curvatione</span> 
     </span>
     <span class='ocr_line' id='line_1_88' title="bbox 608 1128 983 1149; baseline 0.003 -6"><span class='ocrx_word' id='word_1_537' title='bbox 608 1128 735 1149; x_wconf 85' lang='lat' dir='ltr'>permansit,nec</span> <span class='ocrx_word' id='word_1_538' title='bbox 743 1133 813 1149; x_wconf 80' lang='lat' dir='ltr'>unquam</span> <span class='ocrx_word' id='word_1_539' title='bbox 822 1128 861 1144; x_wconf 91' lang='lat' dir='ltr'>illud</span> <span class='ocrx_word' id='word_1_540' title='bbox 869 1129 887 1144; x_wconf 84' lang='lat' dir='ltr'>ad</span> <span class='ocrx_word' id='word_1_541' title='bbox 896 1128 983 1149; x_wconf 86' lang='lat' dir='ltr'>pristinum</span> 
     </span>
     <span class='ocr_line' id='line_1_89' title="bbox 608 1153 983 1174; baseline 0.003 -6"><span class='ocrx_word' id='word_1_542' title='bbox 608 1153 729 1173; x_wconf 84' lang='lat' dir='ltr'>naturalemque</span> <span class='ocrx_word' id='word_1_543' title='bbox 736 1153 784 1168; x_wconf 88' lang='lat' dir='ltr'>situm</span> <span class='ocrx_word' id='word_1_544' title='bbox 795 1153 876 1169; x_wconf 82' lang='lat' dir='ltr'>retrahere</span> <span class='ocrx_word' id='word_1_545' title='bbox 884 1153 940 1174; x_wconf 82' lang='lat' dir='ltr'>potuit.</span> <span class='ocrx_word' id='word_1_546' title='bbox 949 1154 983 1172; x_wconf 82' lang='lat' dir='ltr'>Ouo</span> 
     </span>
     <span class='ocr_line' id='line_1_90' title="bbox 608 1177 982 1198; baseline 0.003 -5"><span class='ocrx_word' id='word_1_547' title='bbox 608 1177 686 1193; x_wconf 78' lang='lat' dir='ltr'>miraculo</span> <span class='ocrx_word' id='word_1_548' title='bbox 693 1177 735 1193; x_wconf 88' lang='lat' dir='ltr'>Deus</span> <span class='ocrx_word' id='word_1_549' title='bbox 742 1177 780 1193; x_wconf 84' lang='lat' dir='ltr'>satis</span> <span class='ocrx_word' id='word_1_550' title='bbox 787 1178 857 1193; x_wconf 87' lang='lat' dir='ltr'>ostendit</span> <span class='ocrx_word' id='word_1_551' title='bbox 865 1180 943 1198; x_wconf 82' lang='lat' dir='ltr'>quantum</span> <span class='ocrx_word' id='word_1_552' title='bbox 950 1178 982 1194; x_wconf 88' lang='lat' dir='ltr'>sibi</span> 
     </span>
     <span class='ocr_line' id='line_1_91' title="bbox 608 1202 983 1223; baseline 0.003 -6"><span class='ocrx_word' id='word_1_553' title='bbox 608 1202 686 1223; x_wconf 86' lang='lat' dir='ltr'>placuerit</span> <span class='ocrx_word' id='word_1_554' title='bbox 698 1202 767 1222; x_wconf 85' lang='lat' dir='ltr'>simplex</span> <span class='ocrx_word' id='word_1_555' title='bbox 779 1204 795 1218; x_wconf 89' lang='lat' dir='ltr'>et</span> <span class='ocrx_word' id='word_1_556' title='bbox 807 1202 873 1218; x_wconf 88' lang='lat' dir='ltr'>humilis</span> <span class='ocrx_word' id='word_1_557' title='bbox 885 1202 927 1223; x_wconf 84' lang='lat' dir='ltr'>regis</span> <span class='ocrx_word' id='word_1_558' title='bbox 939 1202 983 1218; x_wconf 80' lang='lat' dir='ltr'>illius</span> 
     </span>
     <span class='ocr_line' id='line_1_92' title="bbox 608 1226 982 1247; baseline 0 -5"><span class='ocrx_word' id='word_1_559' title='bbox 608 1226 679 1242; x_wconf 86' lang='lat' dir='ltr'>vestitus.</span> <span class='ocrx_word' id='word_1_560' title='bbox 692 1227 764 1242; x_wconf 83' lang='lat' dir='ltr'>Secundo</span> <span class='ocrx_word' id='word_1_561' title='bbox 776 1226 824 1242; x_wconf 87' lang='lat' dir='ltr'>etiam</span> <span class='ocrx_word' id='word_1_562' title='bbox 836 1227 896 1247; x_wconf 75' lang='lat' dir='ltr'>Regum</span> <span class='ocrx_word' id='word_1_563' title='bbox 909 1227 982 1246; x_wconf 82' lang='lat' dir='ltr'>habetur,</span> 
     </span>
    </p>
   </div>
   <div class='ocr_carea' id='block_1_17' title="bbox 607 1250 1059 1271">
    <p class='ocr_par' dir='ltr' id='par_1_19' title="bbox 607 1250 1059 1271">
     <span class='ocr_line' id='line_1_93' title="bbox 607 1250 1059 1271; baseline 0.004 -5"><span class='ocrx_word' id='word_1_564' title='bbox 607 1251 650 1271; x_wconf 84' lang='lat' dir='ltr'>quod</span> <span class='ocrx_word' id='word_1_565' title='bbox 660 1250 698 1267; x_wconf 77' lang='lat' dir='ltr'>{iliae</span> <span class='ocrx_word' id='word_1_566' title='bbox 708 1251 758 1266; x_wconf 81' lang='lat' dir='ltr'>David</span> <span class='ocrx_word' id='word_1_567' title='bbox 768 1251 809 1271; x_wconf 89' lang='lat' dir='ltr'>regis</span> <span class='ocrx_word' id='word_1_568' title='bbox 817 1251 889 1267; x_wconf 85' lang='lat' dir='ltr'>vestibus</span> <span class='ocrx_word' id='word_1_569' title='bbox 899 1251 982 1270; x_wconf 83' lang='lat' dir='ltr'>talaribus,</span> <span class='ocrx_word' id='word_1_570' title='bbox 991 1256 1059 1271; x_wconf 47' lang='grc' dir='ltr'>ιιηεμιψ,</span> 
     </span>
    </p>
   </div>
   <div class='ocr_carea' id='block_1_18' title="bbox 608 1274 1009 1346">
    <p class='ocr_par' dir='ltr' id='par_1_20' title="bbox 608 1274 1009 1346">
     <span class='ocr_line' id='line_1_94' title="bbox 608 1274 1009 1296; baseline 0.002 -5"><span class='ocrx_word' id='word_1_571' title='bbox 608 1276 623 1291; x_wconf 93' lang='lat' dir='ltr'>id</span> <span class='ocrx_word' id='word_1_572' title='bbox 635 1277 660 1291; x_wconf 88' lang='lat' dir='ltr'>est</span> <span class='ocrx_word' id='word_1_573' title='bbox 671 1280 722 1296; x_wconf 82' lang='lat' dir='ltr'>usque</span> <span class='ocrx_word' id='word_1_574' title='bbox 734 1275 753 1291; x_wconf 90' lang='lat' dir='ltr'>ad</span> <span class='ocrx_word' id='word_1_575' title='bbox 765 1275 804 1291; x_wconf 80' lang='lat' dir='ltr'>talos</span> <span class='ocrx_word' id='word_1_576' title='bbox 817 1276 949 1296; x_wconf 78' lang='lat' dir='ltr'>pertingentibus,</span> <span class='ocrx_word' id='word_1_577' title='bbox 958 1278 983 1292; x_wconf 84' lang='lat' dir='ltr'>ut·</span> <span class='ocrx_word' id='word_1_578' title='bbox 991 1274 1009 1284; x_wconf 75' lang='lat'>&#39;⁸-</span> 
     </span>
     <span class='ocr_line' id='line_1_95' title="bbox 608 1300 983 1322; baseline 0.003 -6"><span class='ocrx_word' id='word_1_579' title='bbox 608 1302 645 1321; x_wconf 81' lang='lat' dir='ltr'>pote</span> <span class='ocrx_word' id='word_1_580' title='bbox 655 1300 749 1319; x_wconf 76' lang='lat' dir='ltr'>humilibus,</span> <span class='ocrx_word' id='word_1_581' title='bbox 757 1300 843 1316; x_wconf 86' lang='lat' dir='ltr'>utebantur</span> <span class='ocrx_word' id='word_1_582' title='bbox 851 1305 854 1316; x_wconf 79' lang='grc' dir='ltr'><em>ι</em></span> <span class='ocrx_word' id='word_1_583' title='bbox 863 1303 922 1322; x_wconf 77' lang='lat' dir='ltr'>quanto</span> <span class='ocrx_word' id='word_1_584' title='bbox 932 1301 983 1321; x_wconf 74' lang='lat' dir='ltr'>magis</span> 
     </span>
     <span class='ocr_line' id='line_1_96' title="bbox 609 1325 983 1346; baseline 0 -5"><span class='ocrx_word' id='word_1_585' title='bbox 609 1325 692 1341; x_wconf 72' lang='lat' dir='ltr'>inferiores</span> <span class='ocrx_word' id='word_1_586' title='bbox 702 1327 745 1341; x_wconf 84' lang='lat' dir='ltr'>tanto</span> <span class='ocrx_word' id='word_1_587' title='bbox 755 1330 797 1346; x_wconf 76' lang='lat' dir='ltr'>rege,</span> <span class='ocrx_word' id='word_1_588' title='bbox 805 1325 919 1345; x_wconf 85' lang='lat' dir='ltr'>curiositatem,</span> <span class='ocrx_word' id='word_1_589' title='bbox 927 1330 983 1346; x_wconf 71' lang='lat' dir='ltr'>super—</span> 
     </span>
    </p>
   </div>
   <div class='ocr_carea' id='block_1_19' title="bbox 1069 1 1079 1543">
    <p class='ocr_par' dir='ltr' id='par_1_21' title="bbox 1069 1 1079 1543">
     <span class='ocr_line' id='line_1_97' title="bbox 1069 1 1079 1543; baseline 0 0"><span class='ocrx_word' id='word_1_590' title='bbox 1069 1 1079 1543; x_wconf 95' lang='lat' dir='ltr'> </span> 
     </span>
    </p>
   </div>
  </div>
 </body>
</html>
