1079 1569
297 123 372 135 nonnum
382 123 471 135 manaim.
481 127 502 130 —
512 123 561 134 Sfflo
572 123 640 137 QUARTUS

828 118 857 134 :su

81 166 171 182 secundum
181 166 260 183 auditum.
268 165 335 181 vocibus
346 165 456 186 blaspheman-
463 164 476 181 Δ
484 164 538 183 terior,
551 169 570 180 ex
582 165 709 181 consideratione
720 165 774 186 aliqua
786 165 857 184 rationis,

81 190 123 206 tium
131 195 149 206 ae
157 190 258 206 irridentium
269 190 359 209 lacessitus3
367 189 456 205 secundum

81 215 141 233 visnrn,
152 215 208 231 videns
221 215 286 230 Matrem
297 219 343 230 suem
356 214 455 230 carissimam

81 242 97 255 et
109 239 186 255 dilectum
198 239 297 260 discipulum
311 241 327 254 et
341 239 380 254 alias
394 241 457 254 sanctas

80 264 151 280 feminas
162 269 181 280 so
192 264 269 284 quosdam
282 263 342 279 amieos
353 263 457 279 ineffabiliter

81 288 165 309 ejulantes.

98 313 175 329 Proeterea
183 317 229 329 causa
237 312 318 329 interioris
325 312 383 328 doloris
391 312 408 328 in
415 312 458 328 Chri·

82 340 111 357 sto,
117 338 148 353 fuit
155 340 188 353 tota
195 337 270 358 iniquitas
278 337 326 353 totius
334 337 397 358 generis
404 337 458 352 11111118Δ

82 363 105 381 ni,
114 367 143 383 pro
154 367 185 383 qua
196 361 313 381 satisfaciebat3
323 362 399 380 secundo,
408 361 458 382 speci-

81 387 129 403 aliter
138 392 185 402 usus
193 387 284 403 Iudaeorum
294 388 311 402 et.
321 386 390 402 aliorum
402 386 418 401 in
429 390 458 401 sua

82 414 134 427 morte
149 411 256 432 peccantiumy
268 413 316 431 atque
331 410 412 431 principue
426 411 458 426 dis-

81 436 173 457 cipulorum
188 440 260 454 suorum,
273 435 301 456 qui
316 435 409 451 scandalum
421 440 458 456 pas-

484 194 513 210 per
520 189 605 210 quamdam
614 189 728 205 derivationem
736 194 764 205 seu
772 190 859 206 redundan-

484 214 523 230 tiam
530 219 539 229 a
547 214 657 234 superioribus
665 214 727 230 viribus
734 214 754 230 ad
762 214 845 230 inferiores
854 218 858 230 z

485 238 527 259 quod
535 238 551 254 in
559 238 621 254 Christo
628 238 698 259 patiente
706 243 738 254 non
745 239 859 259 fuit,quoniam

485 263 572 284 unicuique
584 263 644 278 virium
656 263 729 284 permisit
741 268 787 284 agere
798 265 815 279 et
826 263 859 284 pati

485 287 527 308 quod
538 288 553 303 ei
565 289 589 303 est
599 288 688 308 proprium,
697 290 714 303 ut
725 288 796 309 loquitur
806 288 860 304 Darna-

485 317 548 328 suenus.

506 337 570 356 Quarto,
578 337 687 353 consideratur
698 337 791 358 magnitudo
801 337 861 353 doloris

486 361 544 377 Christi
553 366 572 377 ex
582 362 612 377 hoc
620 362 662 382 quod
673 362 725 382 passio
734 362 769 383 ejus
777 362 808 378 fuit
816 366 862 383 spon-

486 388 502 402 te
514 388 596 407 assumpta
611 389 676 407 propter
688 386 798 403 liberationem
811 387 862 402 homi-

487 416 526 426 num
541 415 550 426 a
564 413 630 432 peccato
644 413 660 427 et
674 413 754 427 tormento
767 413 833 430 interno,
846 413 862 427 et

486 437 552 456 propter
563 436 665 456 adeptionem
677 438 758 457 perpetum
769 436 825 451 salutis
835 440 861 452 eo-

81 461 95 476 si
108 461 175 476 fuerunt
187 460 203 476 in
218 465 247 476 sua
262 460 344 481 passione3
357 460 409 478 tertio,
422 460 458 476 vitm
468 461 480 477 Β
487 465 527 475 rum.
535 460 573 476 Ideo
582 462 642 476 tentam
652 460 712 476 doloris
721 461 826 481 quantitatem
836 465 861 476 as-

81 485 170 506 corporalis
181 485 252 503 amissio,
260 490 297 505 qum
306 484 399 500 naturaliter
408 486 459 500 exstat

81 510 171 528 horribilis,
179 512 195 525 et
203 510 272 525 maxime
280 509 343 525 Christo
352 509 384 525 fuit
393 509 459 525 horren>

82 535 108 553 da,
117 534 193 555 quoniam
201 534 234 550 vita
243 539 272 550 sua
282 534 368 555 corporalis
378 534 459 550 nobilissi-

82 564 109 575 ma
117 559 148 575 fuit
155 561 220 580 propter
229 558 305 574 unionem
314 563 347 574 sum
355 558 458 574 humanitatis

82 589 121 600 curn
129 583 181 599 Verbo
190 585 254 599 aterno.
262 583 306 599 Unde
314 583 419 604 Philosophus
429 585 459 599 ter-

81 609 105 624 tio
113 608 205 624 Ethicorum
212 608 288 626 affirmat,
292 608 333 628 quod
340 608 419 623 virtuosus
426 609 459 623 tan-

81 635 98 649 to
110 633 147 653 plus
161 632 214 653 diligit
226 632 275 648 vitam
291 637 341 650 8118111,
354 634 414 653 quanto
428 632 459 648 scit

81 662 118 673 eam
126 662 161 673 esse
169 657 260 677 meliorem3
265 659 282 672 et
289 659 342 673 tamen
349 657 415 678 exponit
422 662 458 673 earn

81 682 130 698 morti
146 684 210 703 propter
225 682 285 698 honum
300 682 368 697 virtutis.
382 681 458 697 Similiter

81 707 155 722 Christus
163 707 212 722 vitam
220 711 265 722 suam
273 706 343 722 maxime
351 706 425 722 dilectam
433 711 458 722 ex-

81 731 137 752 posuit
150 731 197 747 morti
210 733 274 752 propter
285 731 347 746 <bonurn
360 731 430 746 caritatis
442 733 458 746 et

486 485 561 505 sumpsit,
569 485 612 505 quod
619 485 650 500 fuit
657 485 776 506 proportionata
784 486 861 506 magnitu-

486 509 520 525 dini
531 509 593 525 fructus
604 510 641 525 inde
652 510 738 530 sequentis.

511 534 534 549 Ex
550 534 575 550 his
591 534 640 555 igitur
654 534 729 550 omnihus
744 535 796 550 causis
812 535 861 551 simul

486 559 556 579 sumptis
572 559 655 575 manifeste
671 561 742 580 apparet,
758 559 801 580 quod
816 559 862 575 dolor

486 583 545 599 Christi
556 584 635 599 maximus
647 583 682 602 fuit,
693 583 764 599 absolute
776 584 860 604 loquendo,

486 608 560 628 quamvis
567 608 657 628 aliquorum
665 610 753 629 martyrum
761 608 806 624 dolor
812 613 862 629 quan-

487 634 521 648 tum
529 632 549 648 ad
557 632 618 653 aliquid
628 634 689 653 poterat
699 638 734 648 esse
745 633 801 653 major.
810 633 862 652 Quum

487 661 524 677 ergo
536 659 579 672 tanta
594 661 623 678 pro
638 659 691 673 nostra
705 658 756 673 salute
770 662 826 678 passus
841 658 862 673 sit

487 682 536 697 Filius
546 681 580 700 Dei,
588 686 667 702 verusque
675 682 716 697 Deus
726 684 742 698 et
751 682 824 698 omnium
834 687 861 698 rex

486 711 577 726 snprernusy
585 707 624 727 grati
637 711 665 727 pro
677 711 723 727 posse
732 711 767 722 esse
778 711 860 726 conemur,

486 732 502 746 et
509 735 573 747 omnem
583 731 694 747 adversitatem
704 736 723 747 ae
732 732 860 752 persecutionem

82 756 174 772 communis
189 756 251 774 salutis,
263 755 352 771 seeundum
365 755 405 771 illud
416 756 458 771 lere-
467 756 478 772 C
486 755 597 776 «equanimiter
604 755 694 771 toleremus.
703 756 732 771 Pro
740 756 803 772 modica
810 756 861 772 offen-

23 791 29 798 (
38 788 73 798 mr.
82 781 121 797 rniae
133 786 137 797 :
150 780 189 796 Dedi
201 780 276 796 dilectam
291 780 361 796 anirnam
377 785 428 796 meam
442 780 457 796 in

81 805 158 821 manibus
169 805 271 821 inimicorum
282 809 359 821 meorum.

102 830 181 848 Secundo,
193 829 286 850 magnitudo
296 834 324 845 seu
337 829 414 845 acerbitas
425 834 458 850 pte-

80 860 106 871 11111
119 855 229 871 consideratur
239 856 255 870 et
265 856 340 870 causatur
350 859 369 870 ex
380 854 458 875 percepti>

80 880 144 895 bilitate
154 881 169 895 et
179 879 286 895 teneritudine
297 879 376 899 patientis.
386 878 457 894 Christus

78 906 135 920 autem
149 904 180 919 fuit
192 904 253 924 optime
265 903 407 924 complexionatus.
418 903 457 919 Nam

78 933 140 949 corpus
147 928 182 949 ejus
190 928 220 943 luit
228 928 321 944 miraculose
328 928 419 949 operatione
424 928 458 948 Spi-

78 953 121 969 ritus
129 953 182 969 Sancti
192 953 279 968 formatum
289 957 292 968 :
301 957 336 973 quae
344 957 382 968 vero
392 957 420 973 per
428 953 457 968 mi-

78 978 154 994 raculum
165 977 213 996 fiunt,
221 979 259 993 sunt
268 977 304 993 aliis
311 977 382 1001 potiora,
391 979 408 992 ut
418 977 457 993 dioit

78 1003 203 1023 Chrysostomus
215 1002 235 1017 de
247 1002 285 1017 vino
300 1002 317 1017 in
330 1002 373 1022 quod
385 1002 457 1017 Christus

77 1032 139 1048 aquam
152 1027 231 1043 convertit
242 1026 258 1042 in
270 1026 336 1047 nuptiis.
347 1026 383 1042 Fuit
393 1031 457 1047 quoque

485 784 503 796 aa
513 780 530 795 in
539 780 593 796 verbis
604 782 631 796 aut
640 780 686 796 faetis
697 780 788 796 nullatenus
798 783 861 801 pertur-

485 804 633 820 bemurlDiseamus
641 804 710 820 libenter
717 806 779 826 perpeti
787 808 861 826 parvnut

485 829 562 849 paulatim
577 829 638 849 majora
649 830 735 850 tranquille
746 830 859 846 sustineamus.

485 853 576 869 Passionem
589 853 647 869 Christi
659 853 734 869 cordibus
746 854 805 870 nostris
817 854 861 871 inde-

486 877 555 893 lebiliter
563 878 675 897 inscribamus,
684 880 701 894 ut
709 883 773 899 semper
779 881 816 894 ante
824 883 861 895 oeu-

486 902 509 918 los
519 903 578 918 mentis
588 904 645 919 nostras
653 905 725 918 versetur
735 908 753 918 ae
763 903 859 919 revolvatur.

485 927 504 942 Et
512 929 555 943 tanto
565 927 644 943 feliciores
655 932 683 943 nos
693 929 791 948 reputemus,
800 930 860 948 quanto

485 956 514 972 pro
524 952 587 968 Christo
596 954 612 967 et
622 952 642 968 ob
652 952 688 972 ejus
697 957 769 968 amorem
779 957 798 968 ac
809 953 860 968 imita-

485 976 544 992 tionem
557 976 621 992 duriora
635 981 654 992 ac
668 977 776 997 frequentiora
793 977 860 993 adversa

484 1001 556 1022 perpessi
568 1001 651 1017 fuerimus.

504 1025 590 1044 Postremo,
602 1028 680 1046 quantum
693 1026 764 1042 Christus
777 1031 796 1042 ex
811 1027 859 1042 arnis—

77 1056 140 1072 corpus
151 1051 209 1067 Christi
220 1056 240 1067 ex
251 1051 341 1072 purissimis
352 1051 457 1071 sanguinibus
464 1051 476 1067 D
484 1050 529 1066 sione
538 1055 571 1066 suae
581 1050 667 1071 corporalis
675 1050 711 1066 vitm
719 1050 772 1066 dolere
782 1051 858 1071 potuerit,

75 1076 154 1097 gloriosa
161 1076 231 1096 Virginis
238 1077 327 1096 sumptum,
332 1076 421 1091 secundum
429 1074 457 1091 Da-

76 1105 175 1117 mascenum
184 1105 187 1116 :
196 1100 256 1116 idcirco
267 1100 284 1116 in
294 1105 314 1116 eo
326 1100 394 1116 maxime
405 1100 457 1121 viguit

76 1130 138 1142 sensus
146 1127 203 1143 tactus,
211 1129 231 1140 ex
238 1125 286 1145 eujus
293 1125 396 1145 perceptione
403 1125 456 1146 sequi-

76 1153 107 1166 tur
120 1150 169 1165 dolor.
182 1149 239 1165 Anima
251 1154 315 1170 quoque
328 1149 385 1165 Christi
400 1154 456 1165 secun-

74 1175 121 1191 dum
135 1174 177 1190 vires
191 1179 228 1190 suas
245 1174 328 1189 interiores
343 1174 456 1190 efficacissime

73 1202 129 1220 atque
140 1199 228 1215 clarissime
239 1198 345 1219 apprehendit
354 1203 409 1214 omnes
420 1203 456 1215 cau-

73 1229 105 1241 sas
118 1224 191 1239 tristitia.

98 1248 159 1267 Tertio,
168 1248 260 1269 magnitudo
268 1248 303 1264 sive
310 1248 388 1264 acerbitas
397 1248 456 1264 doloris

73 1273 139 1290 Christi
147 1273 256 1289 consideratur
263 1277 283 1288 ex
292 1273 361 1293 puritate
368 1273 432 1288 doloris,
438 1273 456 1289 ln

72 1298 117 1314 aliis
125 1298 186 1318 quippe
194 1297 292 1318 patientibus
302 1297 384 1318 mitigatur
392 1297 456 1313 tristitia

73 1321 153 1340 interior,
161 1323 177 1337 et
185 1321 233 1337 etiarn
243 1321 289 1337 dolor
297 1321 363 1337 interior
372 1323 419 1342 atque
429 1326 456 1337 ex-

484 1076 545 1090 constat
552 1079 572 1090 ex
579 1075 648 1095 quodam
656 1075 730 1095 exemplo
737 1075 779 1096 quod
790 1075 806 1091 in
817 1075 858 1092 libro

484 1099 503 1115 de
515 1099 582 1115 Civitate
594 1099 622 1115 Dei
634 1099 690 1115 recitat
702 1099 805 1120 Augustinus.
818 1100 857 1116 Nam

483 1124 511 1142 ait,
519 1124 562 1144 quod
573 1124 589 1139 in
599 1124 668 1144 quadam
679 1129 719 1140 nave
729 1124 794 1140 fuerunt
804 1129 858 1145 quam-

484 1148 543 1169 plures,
557 1149 598 1164 inter
611 1153 651 1169 quos
666 1148 696 1164 suit
710 1149 776 1169 quidam
791 1154 858 1170 magnus

484 1173 594 1194 philosophus,
603 1175 619 1189 et
628 1173 669 1189 alius
679 1173 744 1194 quidam
755 1174 824 1190 lascivus
832 1179 858 1190 va-

483 1203 545 1218 gusque
556 1198 625 1218 juvenis.
634 1198 702 1219 ortaque
714 1200 808 1219 tempestate
819 1204 858 1219 pre-

483 1222 544 1243 grandi,
556 1223 624 1238 multum
637 1223 691 1238 timuit
703 1223 730 1238 ille
742 1223 857 1244 philosophu53

483 1247 511 1262 sed
525 1247 589 1267 juvenis
604 1247 631 1263 ille
645 1252 702 1268 parum
716 1247 741 1263 vel
757 1248 797 1263 nihil
811 1253 858 1269 expa-

483 1272 511 1287 vit,
524 1272 561 1287 Ideo
572 1274 667 1292 tempestate
681 1272 739 1291 sedata,
751 1272 816 1293 juvenis
830 1273 858 1288 ille

484 1296 566 1312 insultavit
578 1296 673 1317 philosopho
686 1297 728 1318 1111011
738 1297 791 1313 taliter
803 1297 857 1313 formi-

484 1321 531 1337 davit.
538 1321 624 1342 Respondit
631 1321 789 1342 philosophuszssuid
797 1322 856 1339 mirum
