1079 1569
283 126 358 139 munuca
368 127 384 139 ιν
394 127 479 139 ,ων-ιπηι-
489 131 510 135 -
520 127 570 139 nmo
580 127 649 142 oium
826 121 855 139 ¹⁰³

100 169 174 185 Secundo
187 169 308 185 consideremus
320 169 362 190 quod
376 169 418 185 Deus
430 171 454 185 est
461 169 475 185 A
482 169 547 190 quidam
555 170 620 186 devotas
627 175 645 186 ao
653 170 722 186 humiles
730 175 746 186 se
754 169 854 190 contingunt,

78 193 148 210 infinita)
156 194 230 215 puritatis
237 196 253 209 et
261 194 354 210 sanctitatis.
362 194 423 210 Idcirco
431 199 455 210 re-

78 220 135 239 speetu
144 218 200 239 ipsius,
207 218 259 234 omnis
267 221 321 234 nostra
328 219 389 239 puritas
397 221 412 234 et
420 223 455 234 san—

78 243 131 261 ctitas.
144 243 158 259 si
170 248 206 264 qun
218 243 244 262 sit,
258 243 318 259 nullius
333 243 409 259 momenti
424 245 453 259 est.

31 275 48 284 n,
65 279 69 282 i
78 267 124 283 [nde
132 268 148 283 in
157 267 197 283 libro
204 268 233 283 lob
241 268 318 289 scriptum
329 270 353 284 est
361 272 365 283 :
373 268 412 284 Coeli
422 272 454 284 non

78 294 118 308 sunt
129 292 184 308 muudi
196 292 212 308 in
223 295 309 313 eonspeetn
321 292 361 313 ejus,
370 292 389 308 Et
399 297 454 308 rursus

59 324 70 333 v.
79 321 100 332 ex
108 316 137 332 hnc
147 316 273 333 consideratione
283 317 326 333 illico
335 317 394 333 dicitur
402 321 405 332 ε
414 317 454 333 Ecce

79 341 129 357 etiam
144 341 182 357 luna
196 346 228 357 non
242 341 321 362 splendet,
334 344 349 357 et
361 341 410 357 stellae
422 346 454 357 non

78 368 118 381 sunt
130 365 194 381 mundio
206 365 222 381 in
235 368 321 386 conspectu
334 366 382 386 eiua:
395 368 455 387 quanto

78 390 129 411 magis
144 390 193 406 homo
207 390 280 411 putredo,
295 393 311 406 et
325 390 370 406 lilius
384 390 454 407 hominis

76 415 152 431 vermis!
164 415 204 431 uine
216 420 272 431 omnes
284 415 334 431 sancti
347 415 419 431 doctores
430 415 454 431 οῖ-

76 439 150 458 ίίηιιιιιι,
164 439 206 460 quod
221 441 281 460 quanto
295 440 343 456 homo
358 440 407 455 Deum
422 440 454 455 cla-

482 196 500 210 ut
507 194 546 210 talen
554 194 574 210 ab
582 195 674 210 hominihus
682 197 781 216 reputentur,
790 195 855 210 lauden-

481 221 512 237 tur,
525 221 542 235 et
554 220 619 240 propria
633 220 716 235 commoda
731 221 853 240 wnsequantur.

481 243 518 259 ldeo
529 243 551 259 ait
563 244 644 264 Scriptura
656 248 659 260 :
673 244 700 259 Est
712 244 740 265 qui
752 244 826 265 nequiter
837 248 854 259 se
866 249 927 262 Εκιωιι.

481 268 561 286 humiliat,
569 270 585 284 et
595 268 670 284 interiora
679 268 714 289 ejus
725 268 772 289 plena
781 270 820 284 sunt
828 268 854 284 do-
861 265 878 276 ³¹·

482 292 501 308 lo.
513 292 532 308 Hi
545 292 589 311 tales,
600 293 637 308 vani
648 295 695 313 atque
707 293 793 309 miserrimi
804 295 853 309 sunt:

481 321 543 336 verum,
552 319 569 332 ut
580 317 602 333 ait
612 317 695 338 Propheta,
706 318 763 333 Beatus
772 318 797 333 vir
808 318 854 338 cujus
866 321 928 334 nm...

481 343 505 357 est
516 345 575 357 nomen
587 341 649 357 Domini
662 347 698 362 spes
709 342 750 362 ejus,
761 344 777 358 et
788 347 819 358 non
832 347 855 358 re-
862 337 872 348 ⁵'

481 366 533 386 spexit
544 366 560 382 in
568 366 645 382 vanitates
654 369 670 382 et
680 366 749 382 insanies
760 366 812 382 lalsas.
821 367 855 382 Hie-

481 395 557 411 ronymus
565 396 629 412 quoque
636 391 711 407 disseruit
719 396 723 407 z
731 391 774 407 Nihil
781 393 806 407 est
813 391 855 412 quod

481 420 510 431 uos
520 415 552 431 Deo
561 417 609 436 atque
619 416 711 432 hominibus
721 416 743 432 itu
752 415 814 432 efficiat
821 421 855 436 gra-

481 442 511 458 tos,
519 445 568 460 quam
578 440 592 456 si
603 440 659 456 merito
667 440 703 456 νὶιεε
714 441 772 461 magni,
780 443 796 456 et
805 441 855 456 hurni-

76 464 110 480 rius
125 464 248 485 contemplatur,
263 464 331 485 ejusque
345 464 452 483 altitudinem,
462 464 474 481 B
481 464 525 480 lilete
535 464 587 480 intimi
597 465 653 480 simus.
662 465 770 481 Humilitatem
781 470 854 486 sequere,

75 489 178 509 sapientiam,
183 489 283 504 sanctitatem
291 489 369 505 sincerius
377 489 452 507 intuetur,

75 515 121 529 tanto
133 513 214 534 propriam
227 513 372 534 imperfectionem,
383 513 453 529 delectu-

75 538 156 556 ositatem,
173 538 257 557 vilitatem,
275 538 375 559 iniquit-nem
394 538 453 554 certius

74 562 160 583 conspicit,
176 567 226 583 seque
240 562 337 583 profundius
352 567 405 578 coram
420 563 453 578 Deo

75 586 157 602 humiliat.
166 587 250 607 Propterea
257 587 298 602 dixit
304 587 394 603 Bernardus
402 591 406 603 z
414 587 453 603 Nus-

74 616 125 632 quam
138 616 155 627 se
166 611 224 627 melius
236 611 341 632 deprehendit
354 612 410 627 modus
423 612 452 628 im-

76 636 181 656 perfectionis
198 636 278 654 humanm,
294 641 342 657 quam
359 636 375 652 in
391 636 452 652 lumine

75 660 132 676 vultus
144 660 177 676 Dei.
187 660 227 676 Hinc
238 660 317 676 Abraham
329 661 419 681 patriarcha
432 661 453 676 Ιο-

76 689 129 705 quens
141 689 177 700 cum
190 685 262 703 Domino,
275 687 291 700 et
302 685 338 705 ejus
353 685 451 705 majestatem

36 717 50 724 n
63 722 67 726 .
75 709 193 730 contemplans,
206 709 269 725 dicebat
280 714 283 725 ε
295 709 357 730 Loquar
369 710 387 725 ad
400 710 452 726 Domi-

16 1012 22 1023 ·
27 1015 43 1024 ιι,
46 1013 65 1023 sa.

76 739 117 749 uum
128 739 187 752 meum,
196 739 246 755 quum
256 734 287 750 sim
298 734 351 755 pulvis
362 736 379 750 et
388 734 433 750 cinis.

480 493 512 504 nou
520 494 556 510 qum
563 491 608 510 gestu
616 490 687 510 corporis
697 489 781 505 simulatur
789 492 817 505 aut
824 490 855 506 lra-

480 515 505 529 cta
517 518 555 529 voce
566 514 658 533 verborum,
666 514 694 530 sed
704 519 740 535 qum
751 519 791 535 puro
802 515 855 531 cordis

480 538 539 554 affeetu
550 539 650 559 exprimitur.

500 563 581 582 Pruneme,
592 565 670 584 quantum
682 564 757 584 superbia
770 564 819 580 Deum
832 564 854 580 ol*-

479 587 539 606 fendat,
550 589 566 603 et
578 590 655 608 quantum
668 588 749 604 humilitas
762 588 854 604 reconciliet

479 617 522 631 eum,
528 617 548 628 ex
555 612 628 633 sequenti
636 613 720 629 innotescit
727 613 805 634 exemplo.
812 613 853 629 Scri-

479 638 525 657 ptum
541 639 565 652 est
579 641 648 658 namque
661 637 677 653 in
690 637 755 653 Daniele
770 638 852 658 propheta,
863 645 927 658 rumam

479 661 521 681 quod
529 661 566 677 dum
575 662 694 682 potentissimus
702 662 729 678 ille
736 667 763 678 rex
769 662 854 683 Babylonis
861 661 878 671 ³⁴*

479 686 624 702 Nabuchodonosor
635 686 710 702 omnibus
723 687 768 708 quasi
779 687 853 707 gentihus

479 710 570 731 imperaret,
581 713 628 732 atque
641 711 656 727 in
669 711 728 732 palatio
738 716 767 728 suo
778 711 853 727 deambu-

480 735 519 753 lans,
528 740 568 751 vana
578 735 629 756 gloria
639 738 655 751 et
666 736 734 752 elatione
744 736 820 757 repletus,
831 736 854 752 di-

98 758 151 774 Tertio
160 758 280 774 consideremus
291 759 333 779 quod
343 759 385 775 oeus
394 761 418 774 cst
428 759 451 775 in·
461 758 472 775 C
479 762 527 778 ceret,
535 760 590 776 Nonne
601 760 634 776 haec
645 763 670 776 est
679 760 748 782 Babylon
758 766 807 782 quam
818 761 854 777 aedi-

75 783 128 799 sinim
136 783 218 804 sapienti-e
225 785 273 804 alque
280 783 351 803 justitia
356 783 414 804 Sicque
422 783 452 799 for-

76 808 157 823 midemus
173 807 252 828 judicium
267 808 309 828 ejus,
325 808 394 824 scientes
409 808 451 829 quod

75 837 115 848 eum
130 832 178 848 latere
193 832 216 848 nil
228 834 282 853 queat,
294 837 324 848 nec
336 832 397 853 aliquid
411 833 451 848 indi—

75 861 151 873 scussum
166 857 254 877 relinquam
266 859 282 872 et
297 857 409 878 imperfectum
424 862 451 873 no-

75 884 128 897 strum
140 881 231 897 humillime
242 881 302 902 jugiter
313 886 450 902 recognoscamus,

43 916 51 925 ι,
62 920 66 923 .
75 911 114 922 cum
122 906 204 922 Psalmista
214 908 276 922 orantes
285 910 289 921 :
297 906 331 922 Non
342 906 391 922 intres
401 907 418 922 in
426 907 452 927 ju-

74 930 137 946 dicium
147 935 184 946 cum
194 935 241 946 servo
250 932 283 949 tuo,
291 931 363 949 Domine.
371 931 410 951 quia
419 936 450 947 non

73 955 192 975 justificabitur
204 955 220 970 in
230 957 317 976 conspectu
328 957 356 971 tuo
367 956 419 971 omnis
428 956 450 971 vi-

74 984 120 995 vens.
131 979 171 995 Hinc
183 982 247 995 sanetus
259 979 288 995 Joh
300 979 341 995 dixit
351 980 370 995 ad
383 980 433 996 Deum
446 985 449 996 :

74 1004 146 1020 Verebar
157 1004 211 1020 omnia
225 1008 274 1025 opero
288 1009 328 1023 mea,
341 1005 394 1020 sciens
408 1005 450 1025 quod

74 1033 108 1044 uon
116 1033 189 1049 parceres
197 1028 301 1049 delinquenti.
310 1029 333 1044 Ex
341 1029 370 1044 hac
379 1029 450 1045 conside-

479 784 526 800 l'icavi
534 785 551 800 in
559 785 615 801 deoore
623 787 638 801 et
645 785 694 806 gloria
702 786 746 806 regni
755 786 854 801 meitstatim

479 814 510 825 vox
520 810 565 825 venit
574 810 594 825 de
606 810 652 828 eoelo,
663 810 718 826 dicens
729 815 732 826 z
743 810 778 826 Tibi
788 810 852 829 dicitur,

479 834 635 850 Nabuchodonosor:
644 835 716 855 Regnum
727 835 801 851 transibit
811 840 820 851 a
831 837 852 854 le,

479 860 495 874 et
501 858 522 874 ab
530 858 622 874 hominibus
630 859 695 879 ejicient
702 861 723 878 le,
729 862 745 875 et
753 864 789 875 cum
797 860 853 876 bestiis

479 885 495 898 et
502 883 540 899 ieris
551 883 581 899 erit
591 883 667 899 habitatio
677 886 708 902 tua,
717 884 767 900 donec
777 889 852 904 agnoscas

478 908 521 928 quod
533 907 575 923 Deus
588 908 660 924 excelsus
674 908 765 924 dominetur
778 909 853 925 omnibus

479 932 536 952 regnis.
549 932 607 948 Eadem
620 932 658 949 horn
670 937 698 948 rex
711 933 737 949 ille
750 935 815 954 propter
826 939 852 949 su—

479 956 550 977 perbiam
563 962 608 972 suam
624 957 695 978 privatus
707 959 732 973 est
744 962 773 973 usu
786 958 852 974 rationis

478 983 494 997 et
504 981 520 997 in
532 982 619 997 amentiam
629 987 684 997 versus
696 984 725 1001 est,
736 982 817 1003 eoepitque
828 982 852 998 su-

478 1010 525 1021 rere:
534 1006 593 1022 idcirco
605 1006 674 1022 ministri
685 1007 720 1027 ejus
731 1006 825 1027 abjecerunt
836 1010 852 1023 et

478 1030 574 1051 expulerunt
583 1035 620 1046 eum
628 1035 637 1046 a
645 1035 702 1051 regn03
712 1033 728 1047 ct
737 1036 774 1047 eum
785 1031 823 1047 ieris
833 1037 852 1048 ao

30 1063 32 1070 .
62 1067 66 1072 ,
75 1053 137 1069 ratione
148 1058 203 1069 rursus
215 1053 231 1069 in
241 1053 270 1069 lob
281 1053 348 1069 habetur
358 1058 362 1069 τ
372 1054 412 1069 Ecce
422 1054 450 1074 qui
458 1055 470 1070 D
477 1054 533 1070 bestiis
543 1055 574 1070 {uit
581 1055 657 1071 hahitatio
667 1055 707 1076 ejus,
715 1056 777 1072 loenum
787 1061 852 1077 quoque

74 1078 147 1094 serviunt
157 1078 195 1096 Deo,
203 1082 235 1093 non
245 1080 283 1093 sunt
292 1078 363 1097 stabiles,
371 1080 387 1094 et
398 1078 413 1094 in
423 1083 450 1094 an-

73 1102 115 1123 gelis
123 1102 157 1118 suis
167 1102 226 1123 reperit
234 1103 328 1123 pravitatem
337 1108 341 1119 ς
349 1102 409 1123 quanto
417 1108 449 1119 ma-

73 1127 99 1148 gis
110 1127 127 1143 hi
138 1127 166 1148 qui
179 1127 251 1143 habitant
263 1127 319 1143 domos
332 1127 382 1143 luteas
391 1128 415 1148 (id
425 1130 449 1144 est

72 1152 148 1168 homines
156 1152 172 1167 in
180 1152 274 1172 corporibus
285 1152 319 1168 istis
330 1152 423 1168 mortalibus
430 1158 449 1169 ae

73 1177 142 1192 terrenis
156 1177 239 1197 degentes)
253 1179 367 1193 consumentur
382 1177 425 1193 velut
439 1183 449 1193 a

73 1201 118 1217 tine·
125 1202 131 1217 t

94 1226 117 1242 Ex
127 1226 152 1242 his
162 1226 216 1246 itaque
226 1226 386 1245 oonsiderationibus,
395 1231 448 1243 coram

73 1251 106 1267 Deo
118 1253 134 1266 et
146 1250 223 1271 proximis
236 1250 296 1271 ubique
308 1253 324 1266 et
336 1256 399 1272 semper
411 1257 448 1268 vere

72 1275 143 1291 humiles
152 1275 208 1291 simus.
218 1275 244 1291 Est
254 1275 297 1291 enim
308 1278 323 1291 et
333 1275 371 1291 sicta
381 1281 399 1291 ac
409 1276 448 1292 falsa

72 1300 156 1316 humilitas
165 1305 169 1316 :
177 1300 219 1315 sicut
229 1300 301 1315 nonnulli
314 1300 390 1316 simulant
400 1301 449 1317 hono-

72 1329 98 1340 res
106 1329 123 1340 se
131 1324 191 1345 fugere,
198 1326 215 1340 ut
222 1326 341 1345 consequantur
348 1325 423 1345 honores3
432 1328 448 1341 et

477 1081 495 1095 ut
504 1079 533 1095 bos
543 1080 617 1098 eomedit,
626 1082 641 1095 et
649 1085 684 1096 rore
693 1080 730 1096 cteli
742 1080 851 1097 humectatum

476 1106 501 1119 est
513 1109 571 1125 corpus
586 1104 642 1125 ipsius,
655 1105 706 1121 donec
721 1105 775 1126 capilli
787 1105 822 1126 ejus
835 1106 851 1121 in

476 1128 599 1144 similitudinem
615 1129 676 1145 alarum
692 1130 781 1150 aquilarum
796 1135 851 1146 creve-

477 1155 518 1168 runt*
527 1153 546 1169 Et
557 1153 584 1169 illa
593 1153 628 1173 ejus
639 1154 714 1172 amentia,
724 1155 813 1170 secuudum
824 1160 850 1170 ex-

476 1178 572 1199 positionem
578 1178 593 1194 R
598 1178 690 1200 Hieronymi
697 1181 713 1195 et
719 1179 779 1195 Alberti
787 1182 803 1196 et
809 1180 851 1196 Glos-

476 1207 502 1221 sm,
515 1203 578 1218 duravit
593 1203 639 1219 annis
653 1205 720 1224 septem,
734 1204 808 1224 quamvis
822 1205 849 1220 alii

476 1227 529 1243 dicant
537 1227 578 1248 quod
589 1227 664 1248 precibus
674 1228 724 1244 sancti
732 1229 813 1249 prophetie
821 1229 850 1245 Da>

476 1252 528 1270 nielis,
539 1252 581 1267 Deus
594 1252 661 1268 mutavit
671 1252 685 1268 ei
697 1255 758 1273 septem
771 1258 820 1269 annos
833 1253 849 1269 in

475 1278 536 1297 septem
546 1276 701 1297 menses.0uumque
709 1282 736 1293 rex
744 1277 771 1293 ille
778 1278 798 1293 ad
807 1283 850 1294 men>

475 1303 507 1317 lem
519 1301 590 1319 redisset,
600 1304 664 1322 peecata
674 1306 702 1317 sua
713 1302 813 1318 amarissime
823 1303 849 1318 de-

475 1326 548 1347 ploravit,
557 1326 574 1341 in
582 1328 643 1342 lantum
653 1327 695 1347 quod
705 1327 748 1343 oculi
758 1327 793 1347 ejus
803 1327 849 1348 quui
