1079 1569
181 135 255 148 oomlea
265 136 276 147 11
287 135 414 150 nmonaunsmss.
424 139 445 142 —
455 134 476 146 an
486 134 583 150 nuttfllosos;
594 134 644 147 emo
654 135 727 147 surmus

812 130 842 146 419

71 180 84 194 et
93 180 152 198 quanta
163 178 184 194 sit
195 178 291 198 evangeliea
303 178 343 198 legis
352 178 441 196 sinceritas,
449 177 461 193 A
469 177 505 193 tatis
517 177 537 193 ad
547 182 565 193 ea
574 182 610 198 qum
619 177 670 193 divini
679 179 717 193 sunt
727 177 784 195 cultus,
794 178 842 197 atque

70 202 171 223 spiritualitas
180 205 228 223 atque
238 202 315 223 perfectio
324 207 327 218 τ
336 202 391 223 sieque
401 202 442 217 lides

70 227 88 242 sit
99 227 155 243 oculus
167 227 220 243 cordis
232 227 287 245 nostri,
300 227 319 242 ad
334 226 388 242 omnia
400 226 442 242 bona

71 256 95 267 nos
108 251 184 272 dirigens,
195 251 252 267 inferni
265 251 349 272 supplicia,
358 251 442 267 melorum-

71 281 98 297 que
105 279 107 281 ’
115 276 177 297 gnudia,
194 278 241 297 atque
258 276 308 292 divini
325 276 441 292 districtionem

70 301 123 322 judicii
131 301 213 317 mentibus
222 301 280 317 nostris
289 301 377 319 ostendens,
385 300 441 321 objici-

70 330 100 344 ens,
107 327 228 346 reprmsentans,
233 327 311 346 quatenus
319 325 401 346 prasentis
409 329 442 341 mo-

71 352 156 366 mentaneas
169 350 207 366 vitm
222 350 334 371 prosperitates
348 354 377 371 pro
391 349 441 365 nihilo

70 377 164 395 reputantes,
172 375 210 391 totis
220 375 312 395 praseordiis
321 375 340 390 ad
348 375 401 390 lutura
409 376 442 390 ten-

70 400 128 418 damus,

88 424 168 443 l’raeterea,
177 424 242 444 quidam
252 426 288 444 post
297 426 364 439 rnortem
375 423 442 439 resusci—

70 449 95 464 tati
105 450 121 464 et
130 449 150 464 ad
160 448 209 464 vitam
220 448 266 464 istam
277 448 344 467 reducti,
352 448 411 463 dixisse
421 448 442 463 le-

469 204 486 217 ιιι
498 202 555 218 asserit
566 202 616 222 Engo,
629 202 682 218 iervor
694 202 740 218 bonas
750 202 841 219 voluntatis,

469 231 517 247 quem
532 231 577 242 mens
590 226 665 242 oobibere
678 231 709 242 non
722 226 782 245 valens,
794 226 842 241 certis

469 251 560 267 manifestat
574 251 638 267 indiciis
652 256 655 267 z
669 251 712 272 quod
725 251 744 267 de
758 250 842 267 devotione

469 276 548 295 sensibili,
556 276 677 296 experimentali
684 280 702 291 ac
712 275 773 296 ingenti
781 275 842 291 dictum

469 300 537 316 videtur.
550 300 648 321 Sapientiam
662 302 721 319 autern,
735 300 752 316 ia
766 304 785 316 eo
799 300 842 321 quod

469 325 529 341 semina
537 325 564 341 illa
572 325 682 341 liberationem
689 330 698 341 a
706 325 778 341 demone
785 326 801 340 et
809 329 843 345 per—

469 350 536 366 tinentia
543 350 563 365 ad
573 350 646 368 salutem,
654 354 686 365 non
696 349 774 365 exteriora
781 351 797 365 et
804 352 843 365 tem-

469 374 529 395 poralia
544 374 590 393 bona,
602 376 635 390 tam
647 374 739 390 avidissime
751 374 841 395 postulavit.

469 399 492 415 lta
499 401 515 415 et
522 404 551 415 nos
559 404 588 420 pro
598 399 669 415 interiori
679 399 766 417 curatione,
775 403 803 419 pro
811 399 843 419 spi-

469 424 522 440 rituali
531 423 640 444 prolectu,pro
647 424 736 440 coelestium
745 424 843 440 incremento

469 448 589 467 charismatum,
597 453 628 464 non
638 448 692 464 minus
700 448 770 466 solliciti,
779 449 842 469 operosi

69 475 131 494 guntur,
140 478 157 489 se
165 473 205 489 nihil
215 475 276 488 tanturn
287 472 341 488 mirari
349 472 391 488 sieut
398 472 441 493 quod
450 473 462 489 B
469 478 487 489 ae
496 473 552 489 fervidi
561 473 668 494 simus,quam
676 473 781 494 negotiatores
788 473 842 489 saeculi

70 498 140 514 homines
148 498 237 516 christiani,
243 498 315 513 futurum
322 502 357 513 esse
365 497 393 513 Dei
399 497 441 517 judi<

70 523 110 539 cium
122 525 139 538 et
150 525 209 538 laterna
220 524 298 538 tormenta
310 522 398 541 eredentes,
407 526 442 542 peo-

70 552 103 563 care
112 548 190 563 auderent
200 549 216 563 et
226 552 242 563 se
252 549 284 562 tarn
294 547 385 563 intimorate
395 546 442 562 babe-

70 574 107 588 rent.
116 572 160 590 Quod
168 576 206 592 ergo
215 573 248 587 tam
258 572 320 587 desides
330 576 391 590 sumus,
399 571 442 592 quod

69 598 110 612 tanta
121 596 162 612 bona
171 596 261 612 omittimus
271 598 287 612 et
296 598 338 612 tanta
349 596 390 612 mala
399 600 442 611 com-

70 621 153 639 mittimus,
165 625 218 636 nonne
230 625 249 636 ex
261 620 299 636 fidei
312 620 366 636 venire
379 620 442 636 deiectu

70 645 166 664 videtui-,vel
173 645 216 666 quod
224 650 242 661 ea
250 650 285 666 qum
293 645 373 661 credimus
380 644 441 663 habitu,

70 675 100 686 non
107 670 206 686 advertimus
213 670 260 685 actu?
267 669 305 688 Quis
314 671 346 685 tam
355 669 442 685 indomitus

70 695 94 710 iur
103 697 128 710 est
137 694 164 715 qui
174 694 228 715 judice
238 694 303 710 homine
313 694 384 709 intuente
395 694 442 709 aude<

70 722 93 735 ret
100 719 161 735 iurari?
169 719 185 735 Si
193 723 231 739 ergo
241 719 321 734 credimus
331 719 381 734 Deum
389 718 443 734 omnia

70 744 127 759 intueri
134 744 276 764 judicaturumque
286 748 327 762 esse,
334 743 415 764 quomodo
424 747 443 759 eo

470 503 498 519 pro
510 498 559 514 lucris
574 498 641 514 terrenis
654 502 658 513 z
671 498 750 519 siqnidem
763 498 842 514 Climacus

469 523 496 541 ait,
508 523 565 539 Beatus
578 523 594 539 in
606 528 638 544 quo
650 523 683 539 haec
695 525 749 538 sancta
762 522 842 538 invenitur

470 548 535 564 insanis(
544 548 653 563 Humilitatem
661 552 704 566 vero,
712 548 729 563 in
740 552 759 563 eo
769 547 811 568 quod
820 547 843 563 fe-

470 572 513 588 mina
520 572 546 588 illa
553 576 585 588 nou
593 572 665 590 canibus,
673 572 700 588 sed
708 572 769 588 catellis
776 577 793 587 se
801 577 843 588 com·
853 578 916 591 uatium,

469 597 535 618 paravit.
544 597 567 612 lta
578 599 594 612 et
605 601 634 612 nos
646 601 654 612 a
665 596 774 617 superioribus
785 597 843 612 uostris
849 595 866 605 ²⁷·

470 621 494 637 vel
503 621 584 640 iratribus,
593 626 621 637 seu
629 621 757 642 persecutoribus
764 623 792 636 aut
799 626 843 637 exer-

470 646 564 662 citatoribus
574 646 672 666 reprehensi,
681 645 761 666 vilipensi,
770 645 843 661 humilia-

470 671 488 689 ti,
497 675 528 686 non
539 670 591 686 solum
602 670 632 686 boc
644 675 664 686 ex
676 670 723 686 corde
733 670 844 691 aequnnirniter

471 695 563 713 toleremus,
569 695 596 710 sed
604 695 669 710 demum
677 699 696 710 ex
703 695 757 710 animo
765 699 793 710 nos
801 695 844 715 ipsos

471 720 566 740 profundius
578 719 687 737 humiliemus,
696 719 813 740 vilipendamus
825 724 843 735 ae

471 744 611 765 reprehendamus,
626 744 680 765 sicque
695 749 732 759 cum
747 746 801 760 sancto
815 743 844 759 Job

69 768 177 789 conspiciente
186 772 252 789 peccare
260 768 383 789 praesumimusi
391 767 414 783 Sit
421 772 444 783 er-
452 770 463 786 (1
471 774 535 785 manum
547 769 641 789 adjuvemus
652 768 758 789 corripientis.

69 798 88 813 go
98 793 115 809 iu
125 793 172 809 nobis
181 793 222 809 fides
232 797 293 813 magna,
302 792 337 808 talis
347 797 365 808 ac
376 794 419 808 tanta
427 794 444 808 ut

69 822 88 833 ex
100 822 119 833 ea
129 822 161 833 nou
173 817 226 833 minus
236 821 328 833 moveamur
337 817 357 832 ad
368 817 409 832 mala
419 821 443 832 ca<

69 842 120 858 venda
127 844 143 858 et
150 842 169 857 ad
180 842 222 857 bona
233 842 298 862 agenda,
307 846 355 862 quam
366 841 380 857 si
390 841 444 857 sutura

70 866 155 887 impiorum
170 866 250 887 supplicia
263 866 375 886 justorumque
387 866 444 886 gaudia

69 896 140 907 essemus
147 891 214 912 experti,
223 891 330 911 imaginemur
337 895 366 906 nos
373 890 443 911 aliquem

68 916 112 932 nudo
123 920 189 936 corpore
200 916 216 931 in
227 915 279 931 medio
288 915 404 931 ardentissimae
414 915 444 931 ior-

69 941 113 956 nacis
119 941 198 961 jacentem
205 940 306 961 adspiceres)
314 945 361 960 quam
370 940 444 955 miserum

68 965 117 981 talem
127 965 247 983 arbitraremur,
255 965 288 980 imo
295 969 343 985 quam
353 964 444 980 infelicissi-

68 995 120 1008 mum,
128 995 176 1011 quam
185 989 327 1010 inexcogitabiliter
335 989 422 1008 infelicem,
430 989 443 1005 si

69 1015 148 1030 sciremus
159 1019 196 1030 eum
209 1014 225 1030 in
238 1014 265 1030 tali
277 1019 295 1029 ac
308 1016 352 1030 tanto
364 1014 444 1035 supplicio

68 1040 103 1055 sine
113 1039 147 1055 fine
157 1039 238 1055 viventem
248 1040 351 1055 mansuruml
360 1039 409 1058 Quam
420 1039 443 1055 in-

490 794 572 812 Praeterea,
580 794 621 809 sicut
631 793 683 809 catelli
693 794 743 809 edunt
752 793 771 809 de
782 793 827 809 micis
835 799 845 809 a
857 799 904 811 mam

471 818 572 834 dominorum
580 823 645 834 suorum
654 823 708 834 mensa
716 818 814 837 cadentibus,
823 818 845 834 ita

471 845 487 858 et
495 847 523 858 nos
531 843 635 863 deprecemur
642 842 733 858 humillime
741 843 845 863 spiritualiter

472 867 517 883 refici
530 867 581 886 micis,
592 867 680 887 particulis,
689 867 766 887 reliquiis,
774 867 846 888 portiun-

471 892 511 908 culis
520 892 592 907 minimis
602 891 699 907 ferculorum
709 891 810 907 dominorum
818 896 845 908 no-

471 919 546 935 strorum,
551 916 625 932 videlicet
632 916 692 931 civium
700 921 811 937 supernorum.
817 918 845 932 aut

471 941 519 957 etiarn
532 940 640 962 perlectorum
653 940 669 956 in
681 940 711 956 bac
723 940 756 956 vita
767 941 844 960 virorum,

471 966 505 981 sive
517 970 560 981 nune
572 965 689 983 exsistentium,
702 970 730 981 seu
743 967 806 986 patrum
818 970 845 981 no-

471 992 540 1006 strorum
548 990 574 1005 hic
581 990 619 1005 olim
630 990 728 1010 degentium,
736 995 805 1010 quorum
812 990 844 1006 eibi

470 1020 489 1031 ae
501 1015 558 1036 pocula
570 1014 690 1035 pretiosissima,
704 1014 797 1033 lautissima,
811 1015 845 1036 pin-

470 1039 548 1060 guissima
559 1039 623 1055 suerunt
630 1043 634 1059 ;
642 1041 658 1055 et
667 1041 705 1055 sunt
713 1043 716 1055 :
725 1039 844 1060 contemplatio-

68 1064 156 1080 dicibiliter
163 1064 285 1080 abhorreremus
295 1065 355 1079 tantam
363 1063 443 1080 calamita-
450 1065 463 1081 D
471 1069 499 1080 nes
507 1064 586 1082 theoricae,
593 1063 727 1080 inflammationes
734 1064 802 1083 deifica,
808 1069 844 1080 con—

67 1091 111 1105 tem!
128 1089 143 1105 Si
158 1093 196 1109 ergo
211 1088 319 1104 indubitanter
333 1088 443 1109 cognoscimus

67 1113 145 1134 reprobos
153 1114 169 1129 iu
178 1113 240 1129 inferno
248 1115 309 1129 tantum
317 1115 344 1129 aut
352 1115 395 1129 certe
403 1113 443 1129 mul-

66 1141 83 1155 to
90 1138 171 1159 poenalius
179 1143 214 1154 esse
222 1142 295 1159 passuros
303 1138 406 1159 supplicium,
415 1143 443 1154 cur

67 1168 125 1179 eorum
136 1163 234 1179 consortium
245 1167 277 1178 non
289 1163 358 1183 amplius
370 1163 444 1179 abhorre-

67 1189 116 1204 musl
129 1188 160 1204 Cur
172 1189 237 1208 peccata
248 1192 279 1203 non
292 1187 384 1208 diligentius
396 1188 444 1203 decli—

67 1214 135 1229 nunus?

87 1238 156 1258 Insuper
163 1237 228 1253 {eininae
238 1237 286 1257 liujus
295 1237 390 1257 evangelicae
397 1237 444 1253 devo-

66 1261 349 1283 tionem,sapientiam,humilitatem
357 1264 442 1277 sectemur.

67 1286 199 1305 Devotionem,in
207 1291 226 1302 eo
234 1286 276 1307 quod
283 1288 316 1302 tam
323 1286 443 1307 promptissime

66 1314 82 1328 et
98 1311 222 1328 inavertibiliter
234 1313 288 1327 secuta
302 1313 327 1327 est
340 1311 442 1327 Salvatorem.

66 1337 95 1352 Est
107 1341 177 1357 namque
189 1335 258 1354 devotio,
268 1335 377 1356 promptitudo
389 1335 444 1351 volun-

471 1089 555 1105 solationes
570 1088 672 1107 dulcissimi»,
685 1089 785 1109 operationes
800 1089 843 1105 omni

470 1114 551 1129 alacritate
559 1113 626 1132 refertae,
634 1113 737 1129 exuberantia
744 1113 816 1129 felicium
824 1114 845 1130 la-

471 1138 563 1156 crimarum,
571 1137 666 1154 refectiones
675 1140 810 1154 sacramentorum
817 1140 845 1154 aut

471 1163 583 1184 mysteriorum
596 1163 691 1178 coelestium.
704 1163 763 1179 Horum
778 1163 844 1184 quibus<

471 1188 507 1203 dam
516 1187 588 1203 minutiis
596 1187 641 1203 retici
651 1187 760 1208 deprecemur.
769 1188 788 1203 Et
797 1188 809 1203 si
817 1188 845 1203 ali-

470 1212 509 1233 quid
521 1212 579 1228 borum
591 1212 637 1228 nobis
650 1212 728 1233 impertiri
740 1213 844 1232 senserimus,

470 1237 553 1253 humiliter
569 1236 679 1257 regratiemur,
694 1241 726 1253 non
740 1237 797 1253 stolide
810 1237 845 1258 glo-

470 1262 536 1280 riemur,
550 1261 645 1277 confitentes
657 1261 694 1282 quia
708 1266 757 1282 supra
771 1262 787 1277 id
801 1262 843 1283 quod

471 1291 551 1302 meremur
561 1291 580 1302 ac
590 1286 633 1307 digni
645 1291 700 1302 sumus
708 1286 727 1302 iit
735 1287 788 1307 nobis;
797 1289 814 1302 ut
825 1288 843 1303 ti-

471 1311 527 1327 morati
537 1316 556 1326 ac
567 1311 641 1326 custoditi
653 1315 780 1331 permaneamus,
788 1312 843 1332 sicque

470 1336 487 1352 in
495 1335 540 1351 brevi
549 1335 650 1356 experiamur
660 1340 689 1351 nos
699 1340 740 1356 pane
749 1336 794 1352 retici
802 1336 843 1353 silio-
