1079 1569
234 117 264 134 ³38

372 123 445 136 neutrum
456 124 560 136 sanonum.
571 128 591 131 -
601 124 622 135 Ab
632 123 729 139 Μῑιιῦιοεοες
741 123 790 135 summ
801 123 874 135 surtinus

254 165 327 181 Secunda
334 166 426 182 differentia
434 166 532 182 audientium
541 166 608 182 verbnm
616 166 629 181 A
637 166 670 184 Dei,
680 166 780 186 significatur
791 170 819 186 per
830 167 889 181 terram
899 165 982 186 spinosam,
989 165 1002 180 in

234 189 268 208 Dei,
276 190 348 211 signatur
356 196 385 212 per
393 193 451 207 terram
459 193 544 212 petrosam,
553 191 569 207 in
577 195 609 212 qua

234 214 262 230 Dei
274 215 342 231 verbum
355 216 418 234 arescit,
431 216 468 236 quia
481 220 513 231 non
526 216 574 231 habet
586 215 608 231 ibi

234 239 323 255 humorem>
334 240 363 256 Per
374 242 431 256 terram
444 240 485 256 hane
497 240 609 261 exprimuntur

234 264 304 284 religiosi
315 265 356 282 duri.
369 265 442 283 rebelles,
453 265 518 286 superbi
528 269 608 286 :quorum

234 288 341 305 inobedientia
352 291 368 305 et
377 290 436 305 duritia
447 290 491 305 nasci
502 295 521 305 ex
533 289 609 310 superbia

233 313 278 332 solet,
287 314 325 334 quia
335 314 414 335 superbus
423 314 470 330 subdi
482 316 545 330 recusat
555 316 571 330 et
580 314 608 330 hu-

234 338 296 354 miliare
311 343 328 354 se
341 339 441 359 dedignatur,
454 344 484 355 uec
498 339 546 355 habet
560 339 577 354 in
592 343 608 354 se

234 362 324 381 humorem,
339 363 355 379 id
370 365 394 379 est
408 364 462 384 gratim
478 368 535 382 rorem,
550 368 608 384 aquam

234 387 316 408 sapientiai
328 388 407 406 salutaris,
420 388 482 404 fluenta
494 388 550 404 imbris
562 388 609 404 coele-

202 420 216 429 n.
224 412 268 427 .stis.
280 412 321 428 Deus
334 417 403 433 namque
415 413 489 433 superbis
501 413 566 431 resistit,
577 417 609 428 non

173 637 217 649 Erech,

160 657 195 667 nm,
200 655 217 665 u.

159 711 196 723 Exn-¹.
201 715 212 725 ι,
216 712 227 722 7.

159 736 189 748 [bid.
192 740 207 749 ιιι,
210 737 227 747 ἏἏ

166 812 190 824 lu.
196 816 206 824 v.
211 813 221 823 ι.

160 859 229 872 Rumam,

169 1306 231 1320 [mu-,tm

235 436 294 455 influit,
305 437 332 458 qni
345 437 361 453 in
374 437 463 453 Proverbiis
475 437 533 453 fatetur
546 442 550 453 τ
563 437 609 453 Arro-

636 196 668 212 qua
682 190 730 206 simul
745 192 803 207 exortaa
818 191 868 211 spinas
880 190 947 206 verbum
960 190 1003 206 suffo-

637 218 677 231 cant.
687 216 716 231 Per
723 216 764 231 hanc
773 218 830 231 terram
838 216 920 236 spinosam
928 215 1004 235 designan—

637 242 663 256 tur
677 240 747 261 religiosi
761 240 853 261 passionati,
864 240 945 256 ambitiosi
957 241 972 255 et
982 244 1004 255 cu-

637 265 676 285 pidi,
692 265 720 285 qui
734 265 826 285 passionum
841 269 907 280 suarum
922 264 980 280 aeuleis
991 266 1004 279 et

637 289 725 305 vanitatum
738 294 802 305 suarum
817 289 868 305 acutis
882 291 930 310 atque
942 289 1004 304 miserri-

637 314 668 329 mis
682 314 725 330 euris
740 316 818 335 pungunt,
830 314 909 330 dilaniant
923 313 1004 329 infructuo-

637 343 685 359 saque
700 338 769 354 reddunt
783 339 847 359 propria
861 338 914 354 eorda*
927 337 1004 354 Numerari

637 363 712 384 equidem
722 363 779 384 eulpae,
787 363 803 379 id
813 365 837 379 est
844 368 894 381 vanae,
904 363 948 378 malm
957 364 972 378 et
979 362 1005 378 sol»

637 388 684 404 licitae
692 388 800 409 cogitationes,
807 392 876 409 poenosae
883 387 981 404 affectiones,
986 387 1005 403 vi>

637 413 681 429 tiosm
692 413 797 433 suspiciones,
808 418 843 433 quae
854 417 873 428 ex
886 412 972 428 ambitione
983 417 1005 427 na-

637 440 709 456 scuntur,
724 442 756 453 non
773 439 853 458 possunt;
868 439 883 453 et
898 437 925 458 qui
941 439 1005 452 mentem

234 461 309 482 gantiam,
322 462 420 483 superbiam,
433 462 475 478 viam
488 467 553 483 pravam
564 464 580 477 et
591 466 609 477 os
618 461 630 477 B
637 467 682 478 suam
692 462 712 478 ab
723 462 817 478 inordinatis
827 462 869 478 circa
879 464 942 477 terrena
950 463 966 477 et
973 461 1005 477 vilia

234 486 306 506 bilingue
317 486 390 502 detestor.
402 486 508 502 Humiliemus
520 491 563 507 ergo,
574 486 610 502 sub-

234 510 291 529 damus
302 513 318 526 et
329 511 374 531 parvi
387 511 475 531 pendamus
487 515 516 526 nos
527 511 578 529 valde,
589 515 609 526 ne

233 534 254 551 ab
268 535 350 551 Altissimo
364 537 470 551 conteramur.
486 535 565 556 Rogemus
580 535 609 551 im-

234 564 306 575 mensam
322 560 423 576 clementiam
438 560 507 580 Spiritus
519 560 578 578 Sancti,
592 562 609 575 ut

233 584 278 600 tollat
285 589 294 600 a
302 584 348 600 nobis
356 589 383 600 cor
390 589 438 600 omne
445 584 532 605 lapideum,
537 589 564 600 cor
572 589 609 600 con-

234 609 318 625 suetudine
330 614 379 630 prava
391 609 474 628 infectum,
486 609 528 625 mole
540 609 609 630 proprie

233 634 320 649 voluntatis
330 636 415 653 armatum,
424 636 440 649 et
451 636 514 654 praestet
524 633 571 650 nobis
582 638 609 649 cor

234 663 316 677 carneum,
324 663 352 674 cor
362 658 419 677 docile,
428 658 479 679 pium,
487 660 608 679 compunctum,

234 683 253 699 ad
262 685 333 699 sanctam
341 683 448 699 obedientiam
459 688 523 704 semper
533 683 609 703 pronissi-

235 712 279 723 mum
293 712 296 723 z
309 707 389 728 siquidem
404 707 468 723 odibilis
483 712 536 723 eoram
549 707 581 723 Deo
593 709 609 723 et

234 732 327 748 hominibus
336 734 361 748 est
368 732 453 753 superbia:
464 734 480 747 et
488 736 515 748 cor
523 732 581 748 durum
593 732 608 747 in

636 486 750 502 affectionibus
758 487 833 502 radicitus
841 491 873 502 non
881 486 1005 507 expurgant,fre-

636 514 704 532 quenter
715 516 744 532 pro
754 511 801 527 rebus
811 511 894 527 vilissimis
904 511 934 527 sibi
945 510 1005 531 negatis,

636 536 699 555 ablatis,
712 536 737 551 vel
750 536 809 554 dilatis,
822 538 850 551 aut
864 535 936 556 perditis,
949 537 1006 551 oontur-

637 560 700 579 buntur,
708 560 804 579 irascuntur,
810 562 826 576 et
833 560 911 576 tribulant
917 560 1006 580 semetipsos

636 590 655 601 ae
667 585 711 601 aliosi
722 585 835 601 Verumtamen
847 590 876 606 per
887 587 946 600 terram
958 584 1006 605 spino<

636 615 670 626 sam
678 610 769 630 specialiter
776 609 878 630 accipiuntur
885 609 941 628 amari,
949 609 1006 625 iracun-

637 634 658 653 di,
667 634 768 655 impatientes
776 639 794 650 ec
802 634 859 653 invidi,
868 634 885 650 in
892 634 952 655 quihus
962 634 1006 654 spine

637 664 655 675 ac
663 659 778 678 tribuli,aoulei
787 661 803 675 et
810 659 870 679 sagittae
878 659 1006 679 indignationum,

637 684 786 702 comminationum,
797 684 881 702 ultionum,
891 684 1006 699 contentionum

637 709 775 729 pessimorumque
783 710 853 724 motuum
860 708 938 727 oriuntur,
942 713 971 723 nec
978 712 1008 723 ver·

637 733 675 749 bum
684 733 711 749 Dei
720 732 818 748 fructificare
826 733 881 748 sinunt
889 732 905 748 in
914 733 958 753 ipsis.
967 732 1006 748 Tales

234 757 322 773 novissimo
333 756 375 772 mele
386 756 455 772 habebit.
464 757 486 772 De
497 756 609 777 incorrigibili-
618 757 629 773 C
637 762 706 778 namque
714 762 746 773 non
755 757 822 773 vineunt
830 757 890 773 malum
901 757 918 773 in
927 757 975 775 bono,
983 757 1050 772 sedin-na

234 781 265 797 bus
277 786 340 803 quoqne
352 784 368 798 et
380 781 468 797 rebellibus
483 781 553 802 loquitur
568 781 609 797 Deus

235 811 264 827 per
270 806 354 822 Jeremiam
363 811 366 822 :
375 806 491 822 Induravarunt
498 806 556 822 faciem
564 811 608 822 suam

235 836 284 852 supra
299 833 366 852 petram,
381 833 397 846 et
411 831 497 846 noluerunt
511 831 578 850 reverti3
593 833 609 846 et

236 856 274 871 item
286 860 315 876 per
324 855 423 871 Ezechielem
432 860 435 871 :
444 855 500 871 Attrita
511 855 563 871 fronte
572 857 610 871 sunt

236 882 252 896 et
263 880 357 896 indomabili
367 880 419 896 eorde⁴
430 880 449 895 Hi
459 882 497 896 sunt
508 880 536 900 qui
548 880 609 900 superi-

235 905 290 921 oribus
304 905 337 921 suis
352 909 369 920 se
384 904 509 925 increpantibus,
523 905 609 920 admonen-

236 930 284 948 tibus,
297 929 443 950 disciplinantibus,
459 929 567 949 indignantur,
580 929 609 945 ob-

236 954 328 975 loquuntur,
344 956 360 969 et
374 955 432 969 nocent
446 953 460 969 si
476 956 548 974 possunt.
564 954 609 969 Certe

235 978 334 1000 experientia
344 978 468 994 lamentabiliter
477 978 523 994 docet
533 978 575 999 quod
587 983 610 994 re-

236 1004 302 1024 ligiosus
312 1003 383 1022 rebellis,
391 1007 481 1023 perversus,
490 1003 578 1022 induratus,
587 1003 610 1019 in-

235 1028 342 1049 corrigibilior
352 1029 368 1044 et
378 1027 516 1043 ineonvertibilior
526 1029 550 1043 est
561 1032 609 1048 quam

637 782 709 803 protinus
721 781 807 797 vincuntur
817 786 826 797 a
837 781 884 800 malo,
892 784 940 802 atque
951 781 967 797 in
977 785 1007 796 ver-

637 807 657 822 ba
668 808 776 827 prorumpunt
785 806 850 822 malitiae
860 811 879 821 ae
890 806 1006 822 retributionem

637 831 717 849 vindictae,
727 833 744 846 et
756 831 805 846 instar
817 830 893 849 herniosi,
904 830 968 851 pondus
979 832 1007 846 tur·

637 855 721 876 pitudinis,
732 857 785 871 motus
796 859 853 876 pravos
865 855 920 870 ferunt
930 855 947 870 in
959 855 1005 870 corde.

637 880 677 896 Hinc
686 880 731 900 juxta
740 880 835 907 Scripturas,
844 879 929 900 impatiens
937 882 1007 900 operatur
1017 884 1050 895 μιν-ι

637 905 727 923 stultitiam,
740 906 756 920 et
768 904 792 920 vir
807 904 893 920 iracundus
908 904 980 920 incendit
992 901 1041 926 1ῑ-’ἰ

637 931 678 949 tem}
688 929 711 945 ira
719 933 782 950 quoque
790 929 806 944 in
814 929 851 944 sinu
858 929 903 944 stulti
911 929 987 949 quieseit;
993 931 1006 944 el
1012 934 1036 941 ω*
1043 932 1045 940 ¹

637 954 722 975 parvulum
732 953 791 969 occidit
801 953 866 971 invidia,
874 958 910 974 qum
918 955 934 969 et
943 953 978 974 ipsa
986 958 1007 969 os-
1013 946 1033 972 „⁰¹”
1025 946 1050 957 '‘¹''

637 979 679 994 sium
690 981 715 994 est
726 978 800 999 putredo3
811 983 840 994 nec
852 978 907 994 invido
917 978 992 999 aliquid'
989 983 1008 993 m·
1017 977 1048 988 ¹¹⁶·-

1018 992 1050 1004 hun

637 1003 701 1019 felicius
712 1003 796 1024 reperitur.
1013 1010 1023 1020 a

657 1028 714 1047 Quarta
726 1027 818 1043 differentia
832 1027 932 1043 audientium
945 1027 1008 1043 verbum

236 1053 282 1074 impii
293 1053 382 1069 saculares.
393 1052 427 1070 Ouo
436 1052 496 1068 etenim
506 1052 526 1068 ad
535 1052 610 1068 obedien>
618 1053 630 1068 D
638 1052 766 1073 Dei,designatur
774 1057 803 1073 per
809 1054 868 1068 terram
876 1052 935 1068 honam
943 1052 1009 1068 fructife-

236 1078 280 1096 tiam,
293 1077 426 1095 emendationem,
439 1077 528 1097 profectum
541 1077 610 1097 amplius

236 1103 321 1123 obligatur,
338 1106 357 1118 eo
373 1102 394 1117 ita
411 1106 442 1118 non
458 1101 532 1117 faciendo
546 1102 610 1122 gravina

237 1127 286 1143 Deum
301 1127 374 1145 offendit,
386 1126 500 1147 enormiusque
515 1126 610 1147 transgredi-

237 1154 263 1168 tur
271 1157 275 1167 :
283 1154 348 1173 propter
358 1151 401 1172 quod
413 1151 463 1171 inagis
473 1156 482 1166 a
492 1151 524 1167 Deo
535 1151 611 1172 relinqui>

236 1179 287 1195 tui-‚et
294 1176 359 1192 relictus
366 1181 376 1191 a
382 1176 437 1196 gratia,
443 1176 459 1191 in
466 1176 545 1191 deteriora
553 1176 611 1192 labitur

237 1202 281 1218 vitia,
293 1201 375 1222 Superbus
388 1200 475 1216 monachus
486 1202 510 1216 est
522 1203 610 1216 monstrum

237 1226 354 1247 turpissimum,
362 1227 379 1241 et
387 1225 445 1241 similis
456 1225 506 1241 simite
516 1226 611 1241 vestimento

237 1251 268 1267 viri
276 1250 352 1271 sapientis
361 1250 425 1266 indum.
433 1250 472 1266 Nam
482 1250 558 1271 superbia
565 1250 612 1266 vertit

237 1276 320 1292 hominem
335 1275 352 1291 in
366 1275 461 1294 daemonem,
476 1275 611 1296 quemadmodum

238 1301 302 1322 angelos
312 1300 351 1317 olim
362 1300 379 1316 in
390 1300 469 1316 demones
480 1300 581 1320 permutavit.

258 1325 310 1342 Tertia
324 1325 415 1341 differentia
429 1324 529 1340 audientium
544 1324 611 1340 verbum

638 1082 676 1093 ram.
683 1077 712 1093 Per
719 1081 766 1097 quam
775 1077 844 1093 humiles
852 1077 945 1097 docilesque
953 1077 1009 1097 signam

637 1104 669 1120 tur,
673 1106 729 1118 omnes
736 1101 784 1117 etiam
792 1101 830 1117 boni
838 1103 854 1117 et
860 1101 955 1117 obedientes
962 1101 1009 1121 religi-

638 1126 667 1145 osi,
676 1126 703 1147 qui
713 1126 833 1142 informationes
840 1128 856 1142 et
864 1126 974 1146 correptiones
982 1130 1009 1142 nou

638 1151 690 1167 solum
700 1156 710 1166 a
720 1151 836 1171 superioribus,
847 1151 875 1167 sed
884 1155 893 1166 a
903 1151 937 1166 suis
950 1155 1009 1171 quoqne

639 1176 745 1192 confratribus
759 1178 839 1196 gratanter
853 1175 950 1196 suscipiunt,
966 1180 1009 1196 seque

639 1201 655 1216 in
666 1201 728 1216 eunctis
739 1200 824 1221 diligenter
834 1200 925 1219 emendant,
937 1202 985 1221 atque
996 1200 1009 1215 iu

638 1225 744 1241 observantiis
750 1225 813 1241 Ordinis
821 1225 899 1240 universis
907 1227 947 1240 sunt
952 1224 1008 1241 seriosi.

658 1250 703 1265 Tales
718 1254 752 1265 esse
767 1254 848 1265 conemur.
861 1249 900 1265 Nam
915 1250 960 1265 auris
973 1250 1009 1265 bona
1021 1254 1042 1265 ικ,

639 1279 676 1290 euin
686 1275 729 1290 omni
743 1274 873 1295 concupiscentia
884 1274 940 1290 audiet
951 1271 1027 1295 sapien-³¹⁴

639 1300 683 1315 tiam.
698 1299 717 1315 Et
729 1299 756 1320 qui
768 1299 856 1319 acquiescit
869 1299 1044 1320 increpationibus,mr

640 1329 721 1345 possessor
735 1326 759 1340 est
774 1324 839 1344 cordis;
854 1324 869 1340 ei
883 1328 922 1340 vero
936 1324 965 1345 qui
980 1327 1031 1340 cor-m
