1079 1569
4 341 78 369 aaran

10 858 25 869 11
35 861 63 870 ιιι,
68 858 87 869 ¹⁶.

304 124 378 136 nolimu
390 123 395 135 Ι
406 123 490 135 ,muma-
501 128 521 131 —
532 123 583 135 §mo
593 123 662 138 omnus

94 166 147 187 boque
154 166 327 187 gruviors,teuebrosu,
335 166 433 187 turpissima,
439 166 471 182 imo
479 166 491 182 A
500 170 564 186 quoque
571 165 621 181 divini
631 165 687 186 judicii
696 167 729 181 tem
739 165 756 181 iu
763 166 814 181 morte
821 164 874 185 cujus-

94 192 120 211 (ιιι
132 191 209 211 creditur)
221 191 292 212 turpior·
304 196 352 212 quam
366 191 429 211 quaudo
442 195 472 211 pro

95 216 148 232 media
156 218 201 237 parte
211 216 277 231 luerunt
286 220 295 231 a
303 215 386 231 vermibus
395 215 412 231 iu
420 215 472 236 sepul-

95 240 127 256 cris
139 245 208 259 corrosa.
217 240 239 256 itu
249 240 292 261 quod
303 240 368 261 ipsimet
380 239 445 260 reprobi
455 244 472 255 se

95 265 207 286 adspicientes,
216 265 236 281 de
243 267 287 281 unta
294 269 323 281 sua
330 264 431 280 deformitate
438 266 471 280 stu-

95 289 157 310 pebunt
169 291 186 305 et
196 290 277 310 propriam
288 289 405 310 turpitudinem
416 289 472 304 sbhor-

96 314 163 334 rebunt3
173 314 198 330 bis
208 314 261 335 itaque
271 314 343 330 dicturus
353 316 377 329 est
387 313 458 329 Christus
467 318 470 329 z

79 346 88 356 v,
96 339 176 355 Discedite
185 343 194 354 s
204 343 235 357 me,
244 338 330 356 maledicti,
338 338 354 354 in
365 338 418 358 iguem
428 340 472 354 atei*

96 368 141 381 num.
154 363 182 384 qui
195 365 259 384 perotus
272 365 297 379 est
308 362 372 378 diubolo
384 365 400 378 et
410 362 471 383 angelis

95 388 136 408 ejus.
147 388 179 403 Flac
192 387 252 408 prolatu
264 387 348 406 sententia.
359 387 438 403 videbunt
449 391 472 403 re-

95 412 142 433 probi
154 413 173 428 ud
186 417 218 428 suas
231 412 325 428 enlaiuimis
337 416 356 427 uc
368 411 470 427 desolationis

95 439 205 458 uugmeutum,
219 437 299 453 Christum
314 441 350 452 cum
367 436 470 452 universitate

500 190 540 206 libet
550 190 620 206 hominis
631 195 679 211 quam
689 190 706 206 iu
716 190 742 206 die
751 189 844 208 novissimo,
852 191 874 205 at-

499 215 584 231 tendamus
601 215 677 235 quotidie.
693 215 737 230 Unde
754 214 812 235 legitur
828 214 875 230 tertio

500 239 541 255 libro
550 239 663 260 vitaspatrum,
672 239 714 260 quod
725 239 763 255 dum
774 241 839 255 snuetus
848 238 876 254 ille

499 264 548 280 shhns
559 264 630 284 Agathou
641 264 708 280 eremite
719 264 772 279 luent
783 264 875 282 moriturus,

499 293 528 309 per
540 290 573 304 tres
586 289 620 304 dies
635 288 694 304 mansit
708 288 801 307 immobilis,
813 290 876 309 apertos

499 313 555 329 oculus
565 315 630 333 tenens;
639 313 775 334 pulsaveruntque
784 317 821 328 eum
829 312 876 328 disci-

500 338 534 358 puli
542 338 583 358 ejus,
591 338 662 354 dicentes
669 342 672 353 ε
678 338 729 356 Abba,
737 337 765 353 ubi
773 338 799 353 esi
807 338 876 358 Respon-

499 362 523 378 dit
535 367 538 378 :
551 363 568 378 ln
581 364 667 383 conspectu
680 362 730 378 divini
743 362 802 378 adsisto
811 362 874 382 judicii.

500 387 577 402 Dixcruut
589 387 603 403 ei
616 391 619 402 z
631 387 712 407 Numquid
725 386 784 402 times?
794 386 823 405 Qui
835 386 858 402 ait
870 390 874 402 ε

499 411 585 432 Hucusque
599 411 668 427 laboravi
681 411 740 427 virtute
754 416 786 432 qu·
798 411 841 431 potui
858 411 874 426 iu

499 436 603 451 custodiendo
611 436 685 451 mandata
692 436 730 455 Dei;
738 435 765 451 sed
776 436 824 451 bomo
832 440 873 454 sum,

95 461 189 477 Sanctorum
200 461 220 477 nd
232 461 264 477 alu
276 461 353 477 coelorum
364 465 401 476 cum
414 460 471 476 inaesti—
480 460 492 476 Β
499 462 515 476 et
522 460 576 476 nescio
583 465 603 476 an
611 460 643 476 Deo
651 460 742 481 placuerint
748 464 797 481 opera
804 464 843 476 men.
850 460 875 475 Di-

95 486 151 502 mubili
161 486 219 506 gnudio
229 486 347 504 ascendentem,
356 487 373 501 ut
385 485 430 506 impii
441 485 471 501 boc

94 511 173 529 videntes,
182 510 277 526 {eternaliter
289 514 368 526 memores
379 510 411 525 siut
422 514 471 530 qusu—

94 537 126 551 tum
139 534 255 551 beatitudinem
268 534 361 550 amiserunt.
373 534 417 550 Tunc
429 534 470 554 iguis

94 560 121 575 ille
128 559 257 580 conflagrationis
265 559 346 574 damu-tos
354 559 428 577 involvet,
432 563 471 579 quos

94 586 142 602 tern,
152 588 170 600 os
181 588 228 599 sunm
240 583 320 604 aperiens,
331 583 434 603 absorbebit3
444 583 470 599 de-

94 609 203 629 scendentque
218 608 235 624 iu
250 608 329 629 proluuda
343 607 408 626 iuserui,
421 608 470 624 humo

94 633 150 654 operti.
159 633 239 653 Quidquid
249 634 303 648 sutem
313 632 370 648 caloris
378 634 394 648 et
404 632 470 653 impuri-

94 658 131 673 ntis
143 658 160 673 in
175 657 212 678 igue
224 657 354 678 conflagrationis
366 657 420 675 luerit,
433 662 469 673 cum

94 682 126 698 illis
141 682 227 698 descendet
242 682 369 702 mternaliterque
385 681 469 701 manebit3

94 706 173 727 quidquid
188 710 226 722 vero
242 706 316 727 puritatis
332 708 347 721 et
363 706 439 722 claritatis
453 706 469 721 iu

94 731 130 752 ipso
142 731 226 749 exstiterit,
234 731 250 746 iu
262 730 371 751 superioribus
382 730 401 746 ud
413 731 470 746 electo-

94 760 131 771 rum
142 756 209 776 gloriam
220 755 325 776 permanebit.

114 780 159 796 Tuuc
170 780 244 801 protinus
256 779 358 796 innovabitur
371 780 445 798 muudus,
455 782 471 796 et

95 805 224 826 complanabitur
235 807 283 822 terra.
296 804 358 825 eritque
371 804 438 825 pulchre
453 807 470 820 ut

95 834 158 848 ιιιι-ιιιιι,
168 834 210 850 aqu·
221 829 263 845 sicut
274 829 363 850 crystallus,
373 833 400 845 aer
409 831 427 844 ut
439 834 470 845 1:oe-

96 853 135 872 lum,
141 854 183 874 iguis
191 856 208 869 ut
215 853 308 873 sidera;lux
316 853 357 869 luuae
365 854 395 869 erit
402 856 470 874 septem-

96 878 138 899 plex,
151 883 179 894 seu
194 880 238 894 unta
246 880 269 900 >ut
284 878 331 894 modo
343 878 369 893 lux
382 878 429 898 solis3
443 878 470 894 lux

95 903 143 918 etiam
151 903 189 919 solis
197 902 323 923 septempliciter
330 902 365 921 erit,
374 907 402 918 seu
411 903 470 923 septies

95 929 139 943 tanta
150 929 168 943 ut
178 931 231 947 nunc⁴,
242 927 313 943 siderum
323 931 386 948 quoque
398 927 424 942 lux
436 932 470 948 pro-

95 951 222 972 portionabiliter
234 952 304 967 creditur
315 953 353 967 tunc
366 952 443 972 augenda,
454 954 470 968 et

94 976 141 992 orbes
149 976 221 992 etelestes
229 976 328 992 tantumdem
339 976 471 992 nlnrisiuhuntur

94 1003 113 1016 ut
120 1001 164 1017 novit
173 1001 201 1021 qui
211 1001 260 1016 dabit.
268 1001 312 1016 Tunc
322 1000 345 1016 sol
356 1003 433 1021 perpetuo
440 1003 471 1017 stn-

94 1025 119 1041 bit
130 1025 146 1041 in
156 1025 224 1044 oriente,
231 1025 269 1041 luna
277 1025 337 1045 jugiter
347 1025 393 1046 plena
404 1026 419 1041 iu
429 1026 470 1041 occi-

499 487 538 501 cuut
545 485 560 500 ei
567 485 629 501 Fratres
638 489 641 500 :
650 485 684 501 Nou
695 484 763 500 confidis
772 485 792 500 de
799 484 875 505 operibus

498 510 531 525 tuis
539 510 581 530 quod
591 510 679 525 secundum
690 510 740 525 Deum
751 509 794 525 siut?
802 509 843 525 Dicit
851 509 875 525 eis

498 539 547 550 senex
561 539 564 550 τ
577 534 611 550 Non
625 539 704 555 praesumo
719 534 750 550 nisi
765 538 824 550 venero
838 535 875 550 oute

498 559 561 579 Deum;
573 559 604 575 eliu
618 559 662 575 euim
676 561 713 575 sunt
724 559 785 579 judicio
797 558 831 577 Dei,
843 558 875 574 aliu

498 583 588 599 homiuum.
596 584 680 604 Quumque
688 583 748 599 vellent
757 588 795 599 eum
805 583 841 604 plus
852 583 874 599 in-

498 610 583 629 termgnro,
594 608 634 624 dixit
644 608 667 624 eis
678 613 682 623 1
691 608 773 624 Ostendite
785 608 873 626 ceritatem,

498 634 514 648 et
529 633 578 648 nolite
593 632 636 653 loqui
651 637 720 651 mecum,
734 632 772 653 quia
786 634 873 653 occupatus

498 662 539 673 sum.
552 657 586 676 Quo
600 657 648 676 dicto,
661 657 715 673 statim
730 657 784 673 emisit
798 657 873 678 spiritum

498 687 535 698 cum
545 682 608 702 gaudio.
619 682 697 697 Videbunt
708 682 752 698 enim
762 682 824 697 Fratres
836 686 873 697 eum

498 706 600 727 colligentem
610 706 690 727 spiritum,
698 708 715 722 et
725 706 778 722 taliter
787 711 804 722 se
814 706 874 722 habeu-

498 733 530 746 tem
537 735 556 746 ae
564 731 668 747 exsultnutem
676 731 810 752 quemadmodum
818 731 831 746 si
839 731 873 751 quis

479 756 491 772 C
498 755 556 771 salutet
563 755 629 771 dilectus
639 756 703 771 smicos.
713 755 784 776 Denique
792 755 811 771 de
819 757 874 771 sancto

498 780 555 796 ubbute
565 780 631 796 Aisenio
642 780 705 800 legitur,
713 780 752 801 quia
763 785 813 801 quum
826 780 874 796 tredi-

498 807 544 821 turus
553 807 595 821 esset
605 805 686 826 spiritum,
694 805 769 821 viderunt
779 809 816 820 eum
826 805 873 820 disni-

498 829 532 850 puli
540 829 575 850 ejus
583 829 655 848 flentem,
663 831 679 845 et
686 829 761 845 dixerunt
770 829 790 845 ad
797 834 834 845 eum
843 834 847 845 z
855 829 873 845 In

498 854 564 870 veritate
576 856 592 869 et
603 856 620 869 tu
631 854 678 870 times
689 856 757 870 mortem
768 856 784 869 et
793 854 872 874 judicium

499 879 532 897 Dei,
540 883 549 894 o
557 879 610 894 Pnterl
618 878 637 894 Et
645 878 668 894 ait
676 883 679 894 :
688 879 705 894 ln
713 879 779 894 veritnte
789 878 837 894 timor
844 878 872 899 qui

499 903 515 919 in
526 903 555 919 hue
566 903 605 919 horu
615 905 640 919 est
650 903 695 921 milii,
703 908 768 923 semper
778 902 809 918 ruit
819 903 835 918 iu
847 907 872 918 me

498 932 517 943 ex
528 932 560 948 quo
570 927 623 943 iactus
633 932 669 943 sum
680 927 773 943 monachus.
782 927 801 943 Et
813 927 835 943 ite
846 927 873 943 ob-

498 952 574 967 dormivit
582 952 597 967 iu
605 952 677 968 Domino.
685 952 756 968 Audiens
763 953 816 967 autern
824 952 873 968 abbas

498 976 557 995 Pnstor,
562 977 604 997 quod
611 976 632 992 ab
639 977 668 992 hac
676 977 709 992 vita
716 976 810 992 discesserat
818 976 873 992 beatus

498 1001 579 1019 Arsenius,
587 1001 633 1017 [levit
645 1003 661 1017 et
672 1001 712 1016 dixit
721 1005 724 1016 ι
733 1001 790 1017 Beatus
802 1005 824 1019 es,
832 1000 873 1016 abba

497 1026 559 1044 Arseui,
573 1026 610 1046 quia
622 1025 681 1041 flevisti
694 1027 709 1041 te
722 1025 775 1046 ipsum
788 1025 803 1041 in
815 1025 873 1041 sieculo

94 1050 147 1068 deute,
155 1052 172 1065 et
183 1052 235 1065 motus
246 1050 314 1065 cessabit
325 1050 408 1068 ooelorum,
416 1052 469 1066 erunt-
477 1051 490 1066 D
498 1050 532 1066 isto⁴
542 1050 571 1069 Oui
579 1050 622 1066 euim
630 1050 646 1066 iu
654 1050 684 1066 hoc
692 1050 750 1066 saeculo
757 1055 774 1066 se
782 1054 814 1066 non
824 1050 872 1065 fleve-

94 1079 126 1095 que
133 1074 188 1090 omnia
196 1075 211 1090 in
219 1076 260 1090 stetu
268 1079 287 1090 ac
295 1074 364 1090 termino
371 1074 388 1090 iu
396 1079 428 1095 quo
435 1075 469 1091 siue

94 1099 128 1115 fine
139 1099 231 1115 manebunt.

114 1124 150 1140 nme
158 1124 212 1139 omnin
219 1124 300 1144 sapienter
307 1128 398 1144 pensemus,
405 1124 469 1145 protun-

93 1148 114 1164 de
126 1148 222 1167 iutueamur,
233 1148 325 1169 frequenter
338 1148 443 1168 meditemur;
453 1150 470 1164 et

93 1175 132 1188 tunc
143 1173 197 1189 omnio
207 1177 253 1191 vaus,
266 1173 336 1189 curn-les
348 1173 419 1191 deliciaS,
430 1175 469 1189 tem·

93 1197 156 1218 porales
167 1197 236 1216 divitias,
245 1198 333 1214 mundanos
344 1198 412 1214 honores
424 1198 469 1218 parvi

94 1222 189 1243 pendemus,
197 1222 267 1238 timorati
277 1222 373 1241 efficiemur,
381 1224 397 1238 et
407 1222 439 1238 Deo
447 1222 469 1238 ul-

93 1246 157 1262 tissimo
168 1246 236 1263 sollicite
249 1247 341 1263 serviemus⁴
351 1247 469 1263 Districtiouem

497 1075 523 1093 rit,
532 1075 549 1090 iu
561 1075 615 1090 l'uturo
627 1074 722 1090 internaliter
732 1074 779 1090 flebit
787 1079 790 1090 z
799 1074 832 1090 sive
845 1074 872 1090 bic

498 1099 592 1118 voluntarie,
600 1099 634 1115 sive
644 1099 666 1115 ibi
677 1099 771 1119 cogentibus
781 1100 870 1118 tormentis,

497 1124 597 1145 impossibile
607 1126 632 1140 est
642 1129 673 1140 nou
685 1124 729 1140 flere*

517 1149 533 1164 Si
546 1149 595 1169 igitur
605 1149 635 1165 viri
648 1149 674 1164 isti
685 1149 781 1165 sanctissimi
791 1149 871 1169 judicium

497 1173 524 1189 Dei
536 1173 559 1189 sic
571 1174 664 1192 timuerunt,
675 1178 703 1189 cur
714 1178 743 1189 nos
753 1173 841 1189 detecti-osi
853 1178 872 1189 ac

497 1198 551 1213 miseri
560 1200 656 1218 peccatores,
664 1200 696 1213 tam
705 1198 792 1214 intimornti
800 1198 872 1214 consisti-

498 1223 544 1238 mus?
552 1223 656 1238 Attendamus
666 1227 703 1243 ergo
711 1223 782 1243 pericula
789 1224 848 1241 nostre,
856 1224 872 1238 et

497 1251 550 1263 coram
561 1247 593 1263 Deo
604 1247 678 1263 custoditi
687 1247 703 1263 in
712 1247 786 1263 omuibus
795 1247 850 1263 simus.
